2792 4200
471 196 667 251 ROVLERIVS,
684 195 842 239 swam.
860 195 909 238 111.

603 366 751 430 AmiaS.

276 504 411 566 Frustra
431 503 589 584 superbos
609 501 761 582 martyris
782 502 896 565 titulos
918 522 996 566 aves

276 601 466 682 Nomenque
489 599 593 663 divae.

587 734 768 797 Stuarta.

637 852 701 914 Cur
722 871 794 914 eam
814 851 945 914 laudem
967 850 1117 914 invides?

274 951 328 1011 An
349 969 447 1030 quam
467 949 552 1013 male
575 949 736 1013 exercetis
756 951 790 1011 in
811 970 937 1030 eorpus,
959 948 1037 1011 foris

274 1046 412 1110 Animae
434 1052 485 1111 est
505 1051 676 1129 potestas?
697 1049 825 1112 Siccine
847 1066 922 1129 erga
942 1067 995 1109 me
1016 1048 1119 1128 patris

206 1165 247 1206 ero
276 1144 466 1226 Praecipere
488 1146 633 1208 studium
654 1167 713 1228 spe
736 1148 821 1210 bona
841 1146 987 1210 aetherei
1007 1149 1125 1208 vetes?

274 1243 345 1319 1110,
367 1243 423 1305 illa
444 1263 548 1324 spero.
591 1242 654 1320 Qui
675 1244 766 1308 Deus
786 1264 845 1327 pro
865 1265 918 1306 me
939 1264 1036 1307 suum

274 1341 372 1404 Fudit
393 1361 549 1419 cruorem,
571 1342 701 1405 tundier
720 1363 780 1423 pro
800 1362 837 1407 se
858 1363 969 1406 meum

276 1437 502 1520 Ecclesiaeque
523 1439 690 1504 veteribus
710 1460 847 1520 magnae
869 1441 969 1504 sacris

277 1537 373 1600 Caelo
393 1537 526 1602 videbit.
569 1538 641 1601 Hoc
662 1538 763 1601 decus
784 1539 882 1601 nullis
903 1559 964 1619 ego

204 1655 245 1696 are
273 1635 398 1699 Mutem
420 1637 546 1700 coronis
566 1657 674 1718 neque
695 1637 724 1699 si
744 1636 778 1700 in
800 1637 934 1717 antiquo
954 1637 1034 1699 mihi

275 1734 406 1798 Honore
429 1734 524 1798 cedat
544 1739 615 1798 tota
634 1737 696 1799 sub
717 1737 808 1816 leges
828 1736 956 1798 humus,

272 1833 340 1914 Ego
361 1834 448 1895 enim
470 1853 543 1897 esse
565 1835 740 1915 quiequam
761 1853 861 1915 regna
881 1833 944 1896 nisi
964 1833 1046 1896 falso
1067 1851 1140 1895 rear

274 1930 453 2011 Splendore
473 1931 607 2012 plenum
626 1953 747 1995 nomen
768 1937 803 1994 et
822 1931 912 1993 inani
932 1949 1058 1994 comam

273 2029 362 2092 Auro
383 2029 585 2092 revinctam?
606 2029 709 2094 Casus
729 2029 811 2092 haec
831 2029 937 2110 rapiet
958 2028 1075 2092 brevia

205 2147 245 2188 aro
273 2127 337 2190 Hie
357 2128 504 2191 obsoleta
524 2128 683 2209 quidquid
704 2128 825 2192 attritis
845 2128 915 2189 fero

273 2226 392 2289 Aetate
413 2226 567 2289 membris
588 2227 755 2299 haetenus,
777 2229 903 2307 penset,
925 2242 1048 2305 precor,

273 2323 308 2386 Si
329 2344 394 2386 non
415 2323 527 2404 iniqua
548 2344 627 2387 voce
649 2324 808 2387 caelestes
828 2344 918 2401 voco,

274 2422 502 2504 Quascumque
524 2424 627 2485 merui
647 2444 707 2505 pro
727 2424 811 2486 meis
831 2441 954 2505 poenas
975 2419 1078 2482 malis.

547 2574 809 2639 Buecartiua

172 2703 247 2759 [nro]
276 2690 474 2771 Hucusque
496 2691 590 2754 nexis
613 2690 779 2754 fraudibus
799 2695 942 2754 nostram
963 2690 1036 2753 neci

205 2806 247 2847 aaa
275 2788 446 2850 Dominam
468 2788 596 2853 laboras
617 2788 714 2851 avida
733 2809 905 2869 regnorum
925 2788 1017 2866 dare,

273 2884 368 2963 Quod
390 2905 456 2949 non
478 2887 613 2951 Sabrina
635 2887 767 2950 flumine
789 2885 925 2949 undanti
945 2886 1062 2962 scelus,

274 2983 347 3046 Non
368 2984 518 3065 copiosus
540 2986 644 3049 amnis
664 2988 817 3048 Antonae
838 2986 958 3048 abluat.

585 3136 767 3199 Stuarta.

275 3249 342 3312 Seu
362 3254 473 3314 mente
495 3271 623 3314 meeum
644 3253 713 3315 sive
736 3250 879 3315 consiliis
898 3270 973 3314 meo

274 3346 340 3411 Seu
361 3348 452 3411 iussu
472 3349 506 3411 in
528 3348 598 3413 eius
619 3350 687 3412 fata
708 3353 871 3412 tentatum
891 3349 983 3427 nihil,

206 3463 247 3505 eoo
274 3444 344 3508 Neo
364 3466 435 3509 sum
458 3448 579 3510 malum
600 3448 714 3511 molita
734 3448 943 3530 quantumvis
963 3447 1036 3511 leve

274 3543 348 3608 Huo
369 3565 473 3625 usque
494 3566 615 3623 rernm,
637 3545 696 3609 sed
716 3565 778 3609 nec
798 3545 911 3610 auderi
932 3545 993 3609 tuli

272 3642 342 3705 Neo
362 3644 476 3724 patiar,
499 3648 533 3707 et
555 3664 647 3707 mens
668 3644 760 3707 firma
779 3664 846 3707 non
866 3663 1010 3723 unquam
1030 3642 1100 3724 pati
1122 3645 1182 3706 est
