2792 4200
256 196 297 258 54
549 190 743 244 novorum,
761 190 918 233 sevinus.
937 191 981 233 lv.

284 384 337 423 no
473 363 545 439 Qua
564 362 647 426 nulli
667 360 822 424 caderent
842 360 954 439 duceS,

473 461 565 525 Siout
586 461 704 524 finibus
725 459 870 540 Anglicis

470 560 587 640 Ignota
606 579 687 622 noce
708 559 838 637 regibus

471 659 640 721 Scotorum
662 657 762 720 decus
783 657 917 745 occidet.

333 768 335 773 ’
403 756 610 837 Oregnendi
629 775 729 819 saeva
749 755 867 836 cupido

284 876 338 916 12⁶0
365 856 499 937 Dirique
523 859 636 922 metus¹
651 859 685 918 et
706 874 799 918 mens
818 854 921 935 spreti

364 953 500 1018 Conscia
520 953 609 1031 iuriS,
631 954 746 1033 quanti
765 972 896 1034 semper

362 1052 450 1115 Fons
472 1056 505 1114 et
526 1053 614 1131 origo
635 1055 762 1115 secrete
783 1052 875 1114 malit

363 1150 442 1214 Odit
462 1151 625 1230 quondam
646 1170 747 1230 regno
768 1151 910 1213 electum

363 1248 489 1312 Davida
509 1247 588 1311 Saul
608 1249 733 1312 veritus
753 1250 843 1311 laeso

262 1365 336 1417 [flea]
365 1347 506 1410 Numine
527 1347 662 1424 cladem,
684 1348 773 1410 celsa
795 1346 920 1409 veritus

361 1445 447 1508 Sede
467 1445 591 1526 repelli,
614 1466 678 1526 qua
699 1445 866 1507 Iessaeum

361 1543 470 1606 Statui
490 1543 642 1607 iuvenem
663 1543 782 1606 deinde
804 1541 939 1604 videret.

361 1641 467 1720 Quem
487 1642 628 1705 dirarum
649 1645 743 1722 peste
765 1660 910 1703 sororum

360 1741 403 1802 Et
423 1740 488 1803 bile
508 1741 605 1802 nimis
626 1741 770 1821 percitus
790 1744 860 1801 atra

280 1859 333 1898 neo
360 1839 422 1901 Vel
442 1838 639 1900 mulcentem
660 1838 794 1919 cythara
814 1837 914 1900 furias

360 1937 422 1999 Vel
442 1935 622 2016 fugientem
644 1937 772 1998 cautius
792 1935 873 1998 irum

362 2034 462 2099 Nisus
483 2040 579 2099 acuto
600 2037 697 2117 figere
719 2035 794 2099 telo.

400 2135 473 2197 Non
494 2155 589 2198 secus
610 2140 680 2200 otro
701 2135 803 2198 livore
823 2139 957 2197 tumens

359 2233 546 2311 Heroinam,
563 2254 660 2314 quam
681 2234 831 2297 diadema

279 2350 332 2392 nos
360 2331 495 2413 Spectat
515 2352 647 2395 avorum
670 2332 778 2394 verius
798 2351 906 2408 unam,

359 2429 480 2493 Tentat
498 2430 610 2510 iniquo
631 2431 767 2495 caedere
788 2431 873 2492 ferro

358 2528 508 2591 Voeiteta
528 2549 626 2605 soror,
648 2531 767 2610 legum,
788 2528 925 2609 geuene,

359 2626 402 2689 Et
422 2627 539 2709 regalis
561 2648 674 2692 secura
696 2633 803 2692 status

358 2726 400 2787 Et
419 2727 538 2803 lucebi,
561 2728 617 2808 qui
636 2733 786 2790 materna

277 2845 331 2885 nro
358 2824 444 2888 Puer
464 2846 536 2888 arce
558 2832 696 2907 praeest.
740 2824 811 2887 Tali

357 2923 490 2986 Athelia
510 2928 619 2986 mente
640 2924 780 3005 peremit

357 3022 536 3085 Immatura
558 3022 658 3085 caede
680 3024 827 3103 nepotes,

359 3120 471 3184 Genus
492 3121 651 3185 Ochosiae
672 3121 781 3185 nobile
802 3123 880 3200 neti,

358 3218 499 3301 Solymis
520 3220 649 3283 inhians
670 3222 792 3284 femina
812 3223 929 3302 regnis

279 3338 332 3379 nu
360 3317 427 3381 Sed
447 3339 524 3381 mox
544 3318 634 3383 eliud
653 3320 793 3401 pretium
816 3326 952 3401 experte

358 3415 464 3479 Solvit
484 3418 617 3480 meritas
638 3420 753 3481 funere
773 3439 910 3500 poenus:

359 3516 400 3579 Et
421 3516 589 3598 supplicio,
612 3538 695 3598 quae
717 3523 825 3600 patret
845 3518 942 3596 idem,

357 3615 487 3697 Hospes
509 3615 623 3678 eodem
644 3620 779 3697 peccata
799 3619 877 3681 luat.
