2792 4200
430 181 625 238 novnnnrvs,
641 183 798 226 srvrnrn.
814 185 844 228 v.
1105 169 1148 252 '57

236 351 414 414 Praestabo
435 355 574 417 eandem
596 355 726 417 cardine
749 375 944 420 oeconomus
966 358 1064 421 fidem
1184 415 1196 422 .

237 447 341 524 Quam
361 455 499 532 semper.
541 452 600 515 Ibo
622 469 771 535 quaeque
792 459 994 534 postremum
1015 457 1107 520 iubes

156 569 221 631 raas·
241 548 323 630 Regi
343 548 454 627 feram,
477 570 538 613 nec
557 551 650 613 fuero
671 552 831 614 dictorum
852 553 1029 617 immemor.

266 704 432 768 Stuarte.
476 703 615 766 Amias.
659 703 1009 769 Scherusbericus

465 871 470 882 ,
558 811 731 874 Stuarta.
877 884 880 891 ¹
1024 883 1027 887 p

236 908 328 971 Tune
350 907 525 985 arbitraris
546 909 652 986 Amic,
675 910 762 988 quod
784 910 957 974 clientibus

121 1052 125 1062 ,
235 1006 300 1068 Per
320 1026 404 1088 quae
425 1007 497 1086 ipsa
518 1007 593 1068 misi
614 1008 735 1088 scripta
755 1008 882 1088 providi
902 1009 994 1085 meiS,

235 1104 435 1166 Elizabetam
456 1103 539 1166 torte
561 1103 723 1167 iussuram
745 1106 839 1169 dari?

236 1202 340 1264 Nemo
361 1205 491 1266 recusat
512 1202 599 1264 iusta
620 1203 784 1266 morituro.

566 1337 708 1400 Amies.

670 1503 672 1506 ,
823 1414 980 1500 Arbitror.

553 1515 720 1579 Stuarta.
1027 1515 1030 1518 ⁴

156 1635 209 1676 1³40
237 1614 368 1692 Audite,
390 1635 548 1696 procerae,
570 1617 720 1678 ultimam
741 1614 879 1678 insontis
899 1635 1031 1696 precem

236 1712 279 1775 Et
298 1714 363 1776 huc
383 1711 547 1776 sacrificus
569 1715 666 1776 sinite
688 1715 846 1776 concedat
866 1733 969 1776 meus.

462 1848 817 1910 Scherus'bericus.
985 1920 1007 1942 s

136 2026 139 2034 .
237 1945 300 2024 Qui
320 1966 440 2009 munus
460 1945 541 2008 illud
562 1946 730 2026 impleant,
752 1950 880 2010 nostros
901 1948 1011 2009 habes.

545 2078 729 2143 Stuarta.
776 2073 779 2078 ’

237 2177 272 2241 Si
294 2176 473 2259 denegatur
493 2183 601 2259 mysta
621 2176 773 2241 morienti
793 2198 896 2256 meus,

237 2275 375 2340 Coetum
394 2276 484 2353 mihi,
504 2276 679 2358 praefecte,
701 2276 892 2338 famularem
913 2276 1003 2340 cedo.

155 2395 208 2436 nu
236 2375 353 2439 Testes
375 2394 431 2437 eos
451 2374 567 2437 adesse
589 2374 740 2437 morienti
760 2374 859 2437 velim
994 2456 998 2461 ι

235 2474 278 2535 Et
297 2473 463 2554 religionis
484 2473 635 2535 omnibus
655 2474 793 2553 posthac
813 2492 916 2537 meae.

460 2608 814 2671 Scherusbericus

235 2716 341 2777 Aliter
360 2720 531 2794 statutum,
552 2714 674 2797 quippe
696 2714 871 2779 miscerent
891 2736 976 2778 novo

130 2829 204 2883 [1142]
238 2813 385 2876 Clamore
406 2817 495 2876 tecta
515 2817 624 2919 teque
637 2816 808 2877 turbarent
828 2815 950 2900 heram.

554 2946 722 3012 St'uarta.

237 3046 320 3123 Quia
341 3067 392 3108 me
415 3046 510 3109 decet
530 3048 650 3109 maiore
672 3046 827 3110 comitatu
849 3046 938 3123 mori,

155 3165 208 3205 nco
237 3144 375 3207 Vocate:
397 3144 525 3222 sileant,
547 3165 588 3208 ne
610 3145 689 3225 quid
710 3144 891 3227 impediant
908 3145 965 3220 rei,

235 3242 404 3324 Tacitique
426 3246 584 3323 spectent,
607 3243 772 3324 imperabo
793 3244 951 3323 protinus

459 3376 816 3440 Scherusbericus

229 3485 282 3547 -Ea
303 3486 366 3549 fide
388 3488 599 3549 accersuntur
620 3506 638 3547 e
659 3483 813 3565 puellulis
843 3495 845 3499 “

236 3582 336 3645 Binae
358 3588 456 3664 atque
478 3582 590 3647 famuli
611 3582 772 3663 quinque:
794 3590 836 3645 ne
857 3583 967 3663 plures
987 3600 1075 3662 roga.
