2792 4200
425 247 621 302 ROVLERIVS,
637 247 793 290 STVARTA.
823 247 854 287 ll.

170 442 210 482 555
238 420 437 501 Spretorque
459 416 542 480 sacri
562 415 705 478 numinis
726 416 838 495 EgIon,

237 517 335 581 Modo
357 515 479 578 crudeli
501 515 605 577 Marte
628 512 829 577 Philisteus.

237 616 280 678 Et
293 615 436 677 Madiani
457 613 595 676 bellator
616 631 727 691 eques,

238 712 336 776 Modo
357 712 474 775 ferales
494 710 720 773 Amalechitae

238 812 391 874 Pressere
412 811 488 890 iugo
509 829 612 890 genus
634 808 805 871 Isacidum.

170 932 210 974 555
237 907 281 970 Et
301 911 361 972 sub
383 908 530 971 Thaboro
553 909 658 969 castra
679 910 737 968 aut
756 906 880 969 Libano

238 1008 307 1069 Aut
327 1005 482 1070 Gelboeis
504 1005 617 1068 ludere
638 1003 722 1083 iugis

238 1105 392 1185 Alibique
414 1104 476 1167 diis
498 1104 613 1166 adfusa
634 1102 724 1183 prius

239 1204 282 1266 Et
301 1203 497 1266 fabrefactos
519 1206 595 1264 ante
617 1200 772 1263 iuvencos

239 1306 349 1382 Atque
371 1302 405 1362 in
426 1301 509 1363 lucis
529 1303 632 1362 strata
653 1299 796 1379 profanis

173 1422 213 1462 595
240 1400 282 1462 Et
302 1398 403 1461 divini
424 1398 534 1461 nescia
555 1397 672 1460 iussus

281 1497 361 1575 Quis
382 1501 434 1559 sat
454 1496 572 1558 misera
593 1515 678 1568 voce¹
694 1501 849 1576 queratur

242 1595 395 1658 Clausum
415 1594 511 1674 longo
532 1599 679 1674 tempore
702 1595 829 1655 caelum

242 1693 349 1756 Terris
369 1693 491 1755 imbres
512 1691 597 1753 ultro
618 1711 756 1771 negasse

241 1793 409 1872 Tanquam
431 1790 566 1870 rigidam
589 1790 665 1852 ferri
686 1809 846 1851 cameram

172 1912 212 1951 eoo
241 1891 383 1971 Diraque
405 1891 491 1951 lame
512 1889 609 1968 vulgo
631 1888 830 1951 exstinctum

137 2004 205 2057 [un]
244 1989 381 2050 Mortale
402 1990 530 2067 genus?
572 1987 651 2064 Quis
672 1988 750 2050 mihi
773 1988 887 2068 dignas

241 2086 306 2148 Det
326 2085 483 2166 ploranda
504 2085 637 2166 Solyma
658 2086 817 2163 lacrimas

242 2183 332 2259 Quae
353 2185 546 2263 populorum
566 2185 677 2265 regina
697 2185 813 2265 ingens

243 2280 448 2360 Tantumque
469 2282 548 2344 alias
570 2303 728 2364 superans
749 2285 846 2346 urbes

174 2398 214 2437 555
244 2378 408 2455 Quantum
429 2380 565 2443 nebulas
586 2382 707 2444 arduus
728 2382 863 2444 aether?

241 2478 419 2559 Postquam
439 2480 582 2542 numinis
605 2481 706 2543 oblita
726 2482 831 2542 minas

242 2576 311 2639 Nec
332 2577 513 2640 simulacris
534 2578 595 2640 rite
617 2578 733 2656 litavit,

241 2676 339 2738 Sacra
360 2677 533 2740 confestim
554 2678 653 2740 vertit
674 2680 715 2740 ab
736 2679 801 2739 imo

244 2774 318 2836 Dux
338 2776 493 2855 Assyrius
515 2776 642 2838 moenia
663 2775 766 2838 fundo

175 2891 215 2931 610
244 2872 286 2934 Et
306 2872 487 2937 Salomonis
507 2876 675 2955 penetrale
697 2880 802 2938 vetus.

243 2969 335 3032 Caesi
356 2969 491 3035 iuvenes
513 2978 546 3035 et
567 2974 730 3035 communi

242 3067 383 3132 Senibus
404 3070 498 3150 pueri
518 3071 693 3151 puerisque
715 3091 812 3135 senes

242 3165 370 3229 Funere
391 3167 502 3245 iuncti,
525 3186 640 3231 caesae
660 3176 782 3232 matres

244 3264 304 3327 Vel
325 3266 483 3329 servitum
505 3266 621 3329 ductae
643 3268 683 3330 ad
706 3267 792 3349 Syrii

177 3383 217 3423 oio
245 3363 358 3444 Regna
378 3364 517 3445 tyranni.

242 3460 316 3524 Heu
336 3463 403 3525 heu
422 3463 569 3543 geminas
589 3468 664 3543 post
684 3466 777 3545 terga
796 3485 913 3530 manus

240 3559 344 3641 Capta
364 3561 546 3624 revinctum

242 3657 317 3721 Heu
339 3658 531 3723 Sedechiam
553 3679 652 3724 saeva
673 3682 806 3725 suorum
