2792 4200
206 183 247 244 14
522 179 718 234 novnnnrvs
739 179 888 223 srvanrn
905 181 920 222 1.

317 352 344 413 Ο
366 351 413 413 ira
435 349 544 413 deses!
586 351 656 412 Nec
676 371 821 414 meorum
842 351 960 415 civium

314 449 383 512 Nec
404 449 597 530 optimatum
619 448 736 511 deinde
758 449 933 513 vindictam
955 473 1070 533 preces
1158 517 1166 540 Ι

315 549 346 610 Α
367 567 419 610 me
441 547 687 628 impetrabunt?
728 547 859 610 Scelere
880 551 1029 613 convicta
1049 551 1090 613 ab
1112 549 1181 613 suis

252 667 291 706 125
320 647 457 726 Impune
479 646 601 708 fuerit?
643 646 706 708 Pro
728 645 815 725 quod
835 646 969 726 ignavos
989 646 1109 729 premit

315 745 445 808 Numen
468 745 610 808 dolores!
652 744 717 806 Pro
737 744 834 806 nimis
856 745 929 807 fuco
950 747 1055 809 malae

315 843 454 907 Pietatis
475 843 601 906 occulta
625 842 712 904 odiat
755 840 859 919 Quem
880 843 975 906 timui
995 845 1175 907 hactenus?

315 942 469 1005 Guisios‘?
511 941 552 1002 Et
573 939 654 1001 illud
675 940 783 1002 Gallia
803 939 971 1021 indignum
992 945 1113 1024 caput‘?

315 1041 359 1103 Et
378 1043 626 1121 praepotentem
645 1037 753 1117 gentis
774 1038 953 1119 Hesperiae
975 1040 1112 1104 ducem?

250 1160 290 1199 1³0
318 1137 432 1200 Nullos
453 1156 569 1199 moror.
612 1137 698 1214 Quin
719 1138 837 1218 potius,
860 1139 910 1216 ah,
937 1138 1046 1220 potius
1066 1138 1171 1201 scient

316 1236 461 1317 Ruptum
483 1254 555 1298 esse
576 1235 692 1298 foedus
712 1235 748 1298 in
771 1257 863 1300 meae
885 1238 1020 1299 exitium
1037 1237 1176 1314 insulae,

318 1335 422 1410 Quam
443 1333 552 1396 varius
576 1335 678 1397 ambit
698 1334 820 1396 inviam
841 1335 967 1399 Nereus
987 1337 1080 1398 freto.

316 1431 402 1510 Quid
422 1433 531 1511 segnis
553 1436 664 1495 autem
686 1433 780 1512 plura
802 1433 937 1495 consilia
958 1431 1110 1514 expetis?

316 1531 401 1607 Quid
411 1531 534 1592 inerme
545 1530 657 1594 tardas
670 1532 800 1593 anime?
824 1530 879 1594 Sic
887 1532 1041 1594 meritum
1051 1536 1102 1594 est
1112 1549 1232 1609 meum,
1382 1528 1383 1605 ξ

250 1652 292 1691 roa
319 1630 364 1692 Vt
384 1649 457 1693 sero
478 1633 592 1710 pereat
612 1630 677 1706 illa,
699 1649 783 1710 quae
804 1630 911 1710 potuit
932 1629 1005 1693 cito.

316 1729 362 1790 Te
384 1728 494 1808 petiit:
518 1733 552 1789 et
572 1726 628 1789 vix
649 1727 741 1790 frena
762 1728 912 1792 concedis
933 1729 994 1791 tibi
1382 1738 1383 1789 t

317 1827 360 1888 Et
379 1830 412 1888 te
434 1825 596 1889 remittis?
637 1825 764 1889 Pereat.
808 1827 879 1889 Hoc
907 1827 1049 1904 tandem,
1077 1827 1139 1888 hoc
1159 1845 1228 1906 age.
1382 1804 1384 1903 i

316 1925 399 1987 Nam
421 1923 449 1987 si
470 1924 577 1986 securi
598 1923 763 1987 subditam
783 1925 916 1988 audiero
938 1926 1040 1988 semel
1382 1912 1383 1965 i

317 2023 469 2084 Animam
490 2022 661 2104 exspuisse
682 2026 831 2100 taetram,
853 2024 886 2084 in
907 2027 1058 2086 aeternos
1080 2043 1138 2103 ego

252 2146 292 2183 140
322 2122 397 2184 Mea
418 2126 546 2203 sceptra
567 2124 660 2185 rebor
681 2120 800 2185 deinde
822 2122 942 2185 firmari
963 2122 1043 2186 dies.

609 2292 842 2355 Dudelaeus

317 2417 401 2495 Quin
424 2420 541 2497 sponte
562 2436 731 2497 procerum
753 2420 862 2497 potius
883 2421 918 2481 et
938 2418 1009 2480 sine
1030 2421 1064 2479 te
1084 2417 1171 2498 perit

318 2516 446 2578 Patriae
467 2519 625 2596 parente?
667 2516 716 2578 Ne
738 2535 803 2596 qua
823 2520 935 2579 manet
954 2515 1042 2578 illins

318 2612 510 2677 Severitatis
524 2614 558 2675 in
580 2618 672 2675 tuum
693 2634 812 2676 nomen
833 2620 911 2676 nota

316 2710 414 2799 Apud
436 2711 591 2791 dynastas
613 2716 753 2788 exteros
774 2712 833 2774 sed
854 2712 899 2774 sit
918 2712 1025 2792 palam

255 2832 292 2871 145
320 2811 384 2874 Per
405 2810 568 2874 iudicandi
590 2809 685 2891 culpa
706 2813 898 2873 consuetum
918 2810 1074 2888 ordinem,

221 2926 295 2977 ‚reru
325 2909 369 2971 Vt
389 2909 448 2972 has
470 2914 504 2971 et
525 2910 622 2971 urbes
644 2898 817 2971 exacerbet
838 2911 968 2972 exteras

316 3007 360 3071 Et
381 3007 517 3070 ducibus
538 3008 721 3070 innotescat
742 3006 829 3070 orbis
850 3005 998 3088 amplius

606 3168 835 3232 Elizabeta.

317 3302 438 3365 illosne
460 3322 583 3382 verear,
604 3323 679 3366 cum
693 3324 754 3366 nec
775 3322 947 3383 agnoscam
969 3302 1070 3365 deos?

613 3464 851 3526 Dudelaeus

323 3597 365 3660 Et
385 3596 455 3689 ipse
478 3598 565 3679 parci
587 3596 683 3660 iussit
704 3597 738 3659 in
758 3595 881 3660 somnis
901 3596 999 3659 Deus.
