2792 4200
260 231 303 294 20
568 231 764 288 norrmnrs,
780 232 936 277 STVARTA.
965 234 985 275 Ι.

305 421 345 462 280
372 400 469 464 Malis
490 400 662 464 domentur
682 422 743 464 nee
763 422 872 465 meum
894 403 928 465 in
949 405 1065 466 solium
1087 407 1229 469 audeant

366 499 527 562 Attollere
549 500 659 563 oculos
680 504 779 580 atque
794 520 857 580 per
878 520 1002 581 poenae
1023 507 1147 566 metum

348 599 488 673 ‘Parere
509 602 592 660 nutu
612 598 768 678 principis
789 598 918 660 discant
937 618 1026 660 suae.

585 785 730 849 Chorus
751 784 970 862 Anglorum.

369 893 504 956 Publica
524 913 582 973 per
602 910 736 970 magnas
756 890 878 969 agitare
899 890 1051 953 licentius
1071 893 1169 954 urbes

366 993 464 1056 Sacra
485 992 587 1066 decet,
609 1007 760 1050 resonare
782 987 869 1051 cavis
891 982 1062 1052 tinnitibus
1083 1009 1168 1068 aera
1379 1010 1381 1095 p

303 1111 343 1150 aas
370 1090 574 1152 Inflammare
595 1107 701 1168 pyras.
744 1087 841 1150 Pueri
862 1086 984 1168 passim
1006 1091 1104 1168 atque
1126 1089 1254 1170 puellae
1379 1098 1380 1141 ἱ

366 1189 526 1267 Innuptae
547 1189 744 1266 nuptaeque,
763 1205 860 1249 senes
881 1186 1090 1267 iuvenesque,
1110 1191 1276 1250 recentem

367 1284 540 1349 Laetitiam
567 1288 730 1347 ostentate
756 1285 865 1348 simul:
892 1285 968 1347 date
990 1286 1082 1364 signa
1106 1285 1277 1347 faventum

364 1383 425 1446 His
446 1383 625 1446 animorum
647 1403 770 1460 omneS,
791 1383 941 1463 gaudete,
963 1383 1110 1446 extollite
1128 1385 1277 1446 flammas

615 1480 778 1561 Ignesquc
799 1480 954 1544 solemnis
974 1481 1051 1561 rogi,

302 1601 342 1640 eoo
616 1577 874 1658 Incendiumque
895 1579 1014 1642 laetius

613 1676 656 1738 Et
676 1680 827 1738 aestuum
846 1675 1012 1738 volumina

615 1773 713 1838 Caelo
734 1774 862 1837 favillas
883 1774 1021 1836 efferant

366 1875 409 1937 Et
429 1873 549 1936 circum
569 1871 685 1935 thiasis
707 1873 814 1935 felicia
834 1873 977 1936 carmina
997 1873 1085 1936 dicat

366 1973 496 2051 Longus
517 1974 697 2033 amatarum
717 1991 856 2032 nuruum
878 1991 951 2032 cum
973 1972 1130 2035 matribus
1151 1971 1237 2034 ordo.

299 2091 339 2133 aaa
447 2070 541 2132 Nunc
562 2072 613 2132 est
633 2069 824 2147 canendum,
846 2089 933 2131 nunc
954 2069 1038 2150 pede
1059 2069 1162 2132 libero

447 2168 611 2231 Pulsanda
631 2168 739 2245 tellus,
761 2187 847 2229 nunc
868 2168 959 2230 ducis
980 2167 1111 2231 additus

449 2267 560 2329 Astris'
576 2266 741 2329 sonandus
761 2265 935 2329 Helisabes
956 2267 1067 2329 honor.

370 2364 539 2447 Tympana
558 2364 725 2445 campanis
747 2368 780 2426 et
799 2365 918 2427 bucina
939 2366 1051 2427 crebra
1071 2384 1129 2445 per
1154 2365 1253 2428 aedes

368 2461 532 2527 Londinas
560 2462 718 2525 miscente
745 2482 851 2526 sonos.
894 2463 962 2524 Pax
988 2464 1092 2525 altera
1111 2468 1189 2525 nata
1209 2468 1275 2527 est:

271 2578 338 2630 [naa]
457 2560 585 2640 Longas
606 2580 624 2622 0
646 2560 770 2623 utinam
791 2564 936 2641 praestet
954 2560 1085 2623 amicior

457 2658 575 2721 Herois
596 2659 730 2721 choreas
750 2658 885 2721 urbibus
906 2658 1060 2737 Angliael

456 2756 576 2818 Tutum
597 2776 697 2818 verna
717 2775 818 2836 pecus
839 2761 933 2836 prata
952 2758 1166 2837 perambulat,

456 2854 564 2917 Vestit
583 2874 658 2916 rura
679 2852 777 2917 Ceres
799 2859 832 2916 et
853 2856 938 2917 bona
958 2854 1133 2932 Faustitas,

456 2952 498 3015 Et
518 2956 633 3033 pacata
654 2957 767 3016 secant
787 2973 928 3034 aequora
948 2954 1096 3016 navitae:

299 3072 339 3113 cor
458 3050 537 3127 Quis
560 3050 689 3113 Gallum
709 3055 837 3132 paveat,
859 3054 932 3132 quis
952 3053 1038 3115 mala
1059 3052 1191 3132 Belgiae

453 3149 497 3212 Et
518 3149 691 3213 Germania
712 3170 794 3230 qnos
814 3150 941 3213 hostica
961 3152 1096 3231 protulit

458 3248 558 3311 Fetus
578 3247 732 3310 incolumi
752 3248 923 3330 principe?
945 3248 1025 3327 Quis
1046 3249 1133 3311 ferae
1379 3319 1380 3322 Ἴ

456 3345 581 3426 Regem
601 3350 694 3409 curet
714 3347 890 3410 Hiberiae?

366 3445 546 3525 Exspectat
565 3444 682 3508 mulier
702 3445 831 3509 Scotiae
853 3444 1007 3508 damnata
1027 3445 1178 3508 securim:

299 3564 340 3603 no
367 3542 443 3605 Vidi
464 3561 523 3623 ego
544 3542 698 3605 indicium
720 3542 824 3606 valvis
846 3548 880 3606 et
899 3542 933 3605 in
954 3549 1027 3607 acta
1047 3544 1167 3606 referri.
1379 3619 1380 3624 γ

364 3641 434 3704 Nec
447 3645 631 3704 metuemus
644 3640 731 3703 enim
745 3642 894 3721 posthac:
909 3662 971 3705 nec
984 3645 1114 3724 sceptra
1125 3639 1277 3705 Britanni
