2792 4200
568 231 763 286 ROVLERIVS,
780 232 939 274 STVARTA.

366 407 436 464 tum
458 402 536 464 foris
561 401 719 465 maiorum
744 403 911 487 patrisque
937 403 1087 484 exemplo
1113 403 1262 466 militiam

367 519 452 562 unus
472 504 749 580 praeter-,ceteros
769 499 898 563 lautiori
919 500 1122 563 litteraturae
1143 502 1190 563 sio
1210 521 1261 583 pa·

362 598 544 676 trooinariS,
571 603 698 661 utnon
725 597 843 660 iniuria
869 597 1051 660 liberalium
1078 598 1262 662 studiorum

362 703 475 758 auctor
495 697 642 778 plurimis
669 685 838 758 habeare(
859 695 902 757 Et
927 715 1007 758 sane
1028 696 1057 757 si
1083 696 1147 759 duo
1173 717 1261 777 prae·

318 815 330 853 ⁵
363 798 454 857 terea
475 796 558 858 tales
578 795 685 858 insula
704 794 880 874 genuisset,
902 793 998 855 multi
1011 813 1076 855 non
1090 793 1261 856 mediocris

362 893 484 972 ingenii
521 893 668 955 homines
698 912 784 953 nunc
815 891 930 954 inculti
953 895 988 954 et
1012 911 1032 952 a
1056 890 1260 970 politioribus

362 991 575 1054 humanitatis
597 989 777 1070 disciplinis
790 989 900 1052 nescio
915 1009 979 1070 quo
995 990 1062 1050 fato
1083 987 1181 1050 alieni
1194 1007 1260 1049 non

362 1089 458 1152 modo
479 1090 568 1171 ipsas
589 1088 715 1169 magnis
736 1089 922 1150 auctoribus
944 1087 1075 1149 adducti
1103 1085 1260 1166 compleu-

363 1192 520 1265 terentur,
541 1207 655 1249 verum
676 1191 710 1248 et
731 1187 887 1249 maiorem
907 1184 1096 1247 memoriam
1116 1182 1259 1246 testimo·

304 1308 330 1346 ιο
360 1285 516 1366 niumque
542 1285 629 1348 vitae
654 1285 794 1366 posteris
815 1285 1045 1364 relinquerent.
1093 1280 1159 1344 Sed
1184 1301 1259 1361 qno·

268 1399 336 1451 [aaa]
361 1383 449 1446 niam
481 1404 520 1446 ea
552 1388 603 1446 est
633 1388 817 1464 temporum
844 1382 983 1459 malitia,
1015 1385 1053 1443 ut
1079 1398 1165 1441 unus
1191 1378 1260 1440 fere

362 1483 574 1562 ingenuarum
600 1481 717 1543 artium
739 1480 826 1561 apud
846 1484 1009 1542 nostrates
1030 1481 1186 1559 patronus
1208 1495 1259 1537 ex-

362 1579 470 1658 sistas,
501 1580 580 1661 quid
607 1579 670 1641 nisi
697 1578 798 1640 unius
825 1596 921 1657 opem
952 1577 1132 1656 implorem,
1168 1573 1260 1635 cuius

362 1678 493 1740 nomine
528 1696 699 1758 supremus
731 1679 823 1738 actus
854 1675 985 1754 reginae
1026 1671 1260 1748 sanctissimae,

306 1797 331 1836 1⁵
361 1795 498 1855 magnus
524 1773 716 1837 excellentis
741 1772 893 1836 heroinae
926 1771 1062 1848 animus,
1093 1768 1259 1845 fortitudo,

363 1873 470 1954 pietas
495 1873 637 1935 omnium
658 1872 760 1934 oculis
785 1871 993 1948 subiciantur,
1015 1875 1053 1930 ut
1074 1873 1151 1930 tuae
1171 1885 1258 1948 prae·

364 1970 477 2034 sertim
502 1974 599 2033 notae
624 1973 658 2032 et
679 1969 809 2050 generis
829 1969 978 2031 homines
998 1968 1150 2039 habeant,
1172 1963 1260 2044 quod

363 2073 398 2133 et
425 2069 460 2133 in
488 2089 605 2150 magna
632 2069 765 2131 valeant
796 2068 927 2130 fortuna
960 2062 1139 2128 consectari
1165 2067 1199 2125 et
1225 2061 1260 2123 in

365 2168 453 2231 facili
477 2188 584 2231 rerum
610 2168 701 2229 fluxu
723 2187 797 2229 cum
817 2165 994 2228 iueuditate
1016 2162 1189 2225 admirari?
