2792 4200
170 1125 243 1175 [Aah]
539 1109 885 1173 ARGVMENTVM

265 1245 314 1287 ex
343 1226 520 1290 Leslaeo
546 1230 742 1309 episcopo
770 1227 990 1305 Rossensi,
1023 1225 1167 1289 Natali

266 1323 441 1402 Gemite,
470 1324 662 1388 Gilberto
688 1325 954 1388 Genebrardo
980 1325 1165 1406 aliisque

514 1423 659 1504 passim
679 1423 914 1487 auctoribus

224 1593 236 1631 1
268 1574 402 1637 Iacobus
416 1574 464 1652 V.‚
486 1575 595 1638 Iacobi
613 1575 668 1638 IV.
689 1595 731 1637 ex
749 1574 931 1655 Margareta
951 1573 1166 1654 superstitum

264 1671 395 1735 Henrioi
418 1673 489 1738 VII.
510 1673 689 1752 Anglorum
710 1673 796 1753 regis
820 1673 994 1735 liberorum
1021 1671 1163 1734 maxima

265 1769 363 1847 filius,
390 1771 525 1833 Mariam
546 1771 714 1834 Stuartam
734 1791 776 1833 ex
801 1771 902 1833 Maria
928 1770 1028 1834 Ducis
1054 1769 1162 1832 Guisii

263 1867 329 1930 filia
343 1869 495 1950 suscepit.
527 1869 606 1932 Eam
622 1889 694 1930 eum
710 1868 849 1950 primum
862 1867 1037 1949 gentilieiis
1050 1887 1163 1948 regum

265 1967 441 2046 Anglorum
461 1965 643 2048 insignibus
663 1968 865 2030 nobilitatam
884 1966 968 2029 vidit
987 1966 1163 2044 Elizabeta,

209 2085 234 2123 ιο
265 2063 445 2144 Titheraea,
456 2065 522 2129 fflia
535 2064 757 2129 HenrioiVIlI.
767 2085 809 2128 ex
823 2067 919 2127 Anna
934 2064 1058 2128 Bolena
1070 2063 1159 2128 adul·

260 2163 365 2226 terina
378 2183 438 2226 sua
457 2165 579 2241 subole,
594 2164 766 2246 repudiata
779 2163 953 2226 Catharina
963 2162 1158 2244 Aragonide,

260 2262 437 2324 Henrioum
453 2283 528 2325 vero
543 2263 586 2327 ΙΙ.
615 2264 784 2350 Gallorum
798 2282 907 2341 regem
921 2281 1070 2325 socerum
1084 2261 1158 2324 eius

259 2360 433 2423 sollicitare
449 2360 651 2424 Clementem
665 2361 736 2424 VII.
758 2361 944 2442 pontificem
965 2360 1154 2438 maximum,

261 2463 296 2521 ut
316 2462 492 2540 praecepto
513 2459 621 2522 bullae
641 2458 825 2540 pontificiae
841 2458 934 2520 Pauli
951 2458 1006 2520 IV.
1021 2477 1157 2537 regnum

203 2578 227 2615 15
259 2556 539 2636 Anglorumnurui
550 2577 628 2620 suae
638 2556 811 2634 adiudioet‚
823 2557 976 2619 iacobum
986 2556 1157 2618 Stuartum

257 2656 393 2717 nothum
419 2656 553 2719 fratrem
574 2655 694 2717 Mariae
721 2655 762 2718 ad
784 2656 822 2719 D.
844 2654 993 2717 Andreae
1015 2653 1157 2734 priorem

258 2752 469 2816 Calvinistam
479 2753 628 2818 eoncitat.
645 2753 772 2816 Turbae
782 2754 816 2814 in
826 2752 935 2824 Scotia
946 2756 980 2814 et
990 2769 1155 2813 sacrorum

258 2852 402 2914 omnium
424 2853 558 2924 eversio,
580 2852 723 2917 rebellio.
765 2852 867 2915 Maria
893 2851 1010 2913 dotalis
1031 2847 1158 2911 Galliae

259 2950 431 3013 Francisoo
452 2951 495 3015 ΙΙ.
521 2952 619 3014 vidua
646 2952 879 3014 avunculorum
907 2949 1040 3012 oonsilio
1069 2970 1158 3013 exer·

198 3071 225 3109 11
257 3050 358 3111 eitum
378 3050 456 3111 illua
476 3050 697 3112 transmittere
723 3051 866 3131 parabat,
893 3068 967 3111 oum
992 3048 1159 3128 proiectus

256 3146 298 3210 ad
330 3166 402 3210 eam
430 3147 568 3210 Iacobus
593 3147 755 3224 Stuertus,
787 3148 856 3209 sola
885 3146 920 3208 in
945 3146 1090 3209 Sootiam
1119 3149 1160 3207 ut

257 3245 396 3325 naviget,
408 3245 578 3327 persuasit.
601 3245 766 3308 Elizabeta
775 3244 883 3308 missis
893 3244 1011 3325 legatis
1020 3243 1156 3325 pignore

255 3342 491 3423 pretiosissimo
522 3342 638 3405 foedus
672 3362 746 3404 oum
780 3346 898 3422 agnata
928 3362 1050 3405 novum
1079 3342 1157 3404 ferit

254 3444 368 3503 mutuo
388 3440 453 3503 iam
475 3445 544 3503 tum
566 3440 685 3503 sororis
705 3440 846 3503 nomine.
890 3441 950 3503 Illa
971 3441 1092 3503 donum
1112 3438 1158 3503 ni·

195 3560 221 3599 11
254 3540 320 3601 hilo
351 3538 458 3603 minus
484 3540 692 3602 adamantem
721 3538 756 3601 in
783 3540 918 3621 figuram
945 3538 1051 3603 cordis
1072 3539 1156 3603 exoi·

254 3657 327 3699 sum
347 3639 485 3701 remittit
506 3639 631 3701 firmata
652 3638 738 3701 inter
760 3642 931 3719 utramque
951 3637 1157 3717 condicione,
