2792 4200
260 202 302 264 52
546 200 742 256 ROVLERIVS,
762 201 921 250 STVARTA.
936 207 980 250 lv.
1069 201 1071 207 ’

369 370 412 432 Et
433 370 575 434 hostium
598 391 649 434 me
671 373 825 454 expediet
845 374 1023 442 immunem
1043 398 1142 441 manu

289 488 342 528 neo
370 467 510 549 Meoqua
531 475 697 534 servatore
719 471 862 552 donabit
885 475 954 538 Deo

368 566 444 628 Meo
465 587 603 648 meoque
628 569 758 633 domino
781 575 814 633 et
833 580 965 634 aeterno
985 580 1087 652 patre.

693 729 846 792 Chorus

408 861 424 922 Ι
444 883 545 926 nuno:
568 883 640 926 esse
660 881 744 940 nega
763 834 959 940 perpetuum
978 861 1060 924 nihil

365 959 406 1022 Et
428 961 549 1024 sentire
571 961 675 1022 vicem
696 961 825 1038 sceptra
844 960 1030 1039 potentium

365 1058 408 1120 Vt
428 1079 482 1122 res
503 1057 707 1136 terrigenum,
729 1055 869 1135 credule,
891 1060 1026 1136 ceteras,

286 1177 339 1217 ner
367 1155 458 1232 Quae
479 1157 608 1217 fortuna
628 1158 738 1216 tamen
758 1158 846 1217 stare
867 1160 958 1218 vetat
977 1157 1057 1219 looo.

404 1253 477 1315 Non
499 1256 549 1314 est
570 1252 641 1333 ipsa
662 1252 756 1317 bonis
776 1254 868 1316 firma
888 1254 1037 1332 beatitas

365 1351 439 1416 Sint
459 1351 579 1414 virtute
601 1371 696 1432 pares
718 1350 768 1414 dis
788 1351 866 1415 lieet
886 1353 999 1414 inclita

361 1450 405 1512 Et
426 1448 503 1511 clari
522 1450 651 1530 generis
671 1450 794 1513 lumine
814 1451 941 1514 nobiles

363 1549 451 1610 Dent
470 1548 576 1628 legem
597 1549 729 1629 populis
749 1549 969 1629 imperiosius:

282 1668 335 1707 neo
363 1646 448 1723 Quin
468 1665 568 1727 regno
589 1646 739 1710 dominus
761 1646 898 1727 quilibet
918 1666 1043 1729 aspere,

362 1745 483 1808 Sinon
503 1749 662 1826 perpetuo
682 1745 810 1825 longius
831 1745 970 1826 imperat

362 1843 604 1924 Exemptosque
625 1844 694 1906 suis
716 1843 842 1924 legibus
864 1850 897 1906 et
917 1865 1014 1925 pares

361 1941 454 2022 Cogit
478 1942 637 2023 supplicio
658 1943 791 2005 subdier
811 1943 918 2024 impio.

361 2040 415 2105 sic
439 2040 480 2103 ad
501 2044 578 2104 vota
598 2040 686 2104 eadit
707 2040 868 2121 quidlibet
888 2042 1042 2123 improbis

283 2160 336 2201 noo
363 2140 498 2203 Praeter
518 2144 648 2221 tempus
669 2141 766 2217 iners,
787 2160 929 2220 namque
949 2142 1055 2203 fluunt
1076 2142 1160 2220 diae,

362 2238 603 2320 Versanturque
623 2243 695 2301 rota
715 2258 815 2318 regna
835 2238 979 2303 volubili.

361 2338 489 2414 Quanto
510 2346 584 2419 post
605 2336 762 2417 Solymen
781 2340 928 2417 tempore
950 2337 1089 2400 dirutam

360 2435 450 2498 Gens
470 2434 592 2497 Iudaea
612 2434 686 2513 iugo
708 2436 768 2499 sub
790 2434 969 2515 Babylonio

360 2534 434 2595 Heu
456 2531 612 2596 translata
633 2537 731 2613 caput
753 2533 835 2595 vidit
854 2532 895 2595 ad
918 2536 1068 2596 exterum

281 2652 334 2691 1200
361 2629 560 2693 Ornamenta
581 2649 639 2692 suo
661 2630 772 2693 debita
792 2630 954 2710 principi?

359 2727 505 2790 Mentem
525 2747 590 2790 non
611 2728 754 2789 subeunt
774 2727 881 2790 vincla
901 2727 1066 2792 Manassei

358 2825 557 2906 Davidisque
578 2825 691 2887 vices?
712 2825 868 2905 Quaeque
889 2827 1057 2907 tyrannico

271 2940 333 2992 nra]
361 2923 501 2987 Merraei
520 2922 656 3005 imperio
677 2943 775 3004 passa
795 2923 967 2987 Caledonia

358 3022 539 3103 Regnatrix
560 3021 695 3100 animae,
717 3042 784 3085 uon
804 3022 998 3086 diadematis

283 3142 336 3181 1206
363 3121 439 3183 Heu
459 3121 586 3184 obieeta
605 3120 697 3200 gravi
718 3140 817 3203 saepe
837 3122 981 3202 periculo

358 3219 401 3281 Et
420 3239 507 3283 nuno
527 3219 695 3284 barbarico
715 3219 847 3284 subdita
867 3221 1004 3284 carceri:

357 3318 575 3381 Testantume
596 3319 677 3381 satis
697 3339 764 3382 non
784 3319 853 3381 iore
874 3323 1045 3399 perpetem

355 3416 477 3479 Laetae
497 3417 695 3497 terrigenum
717 3417 814 3481 sortis
834 3417 1032 3497 imaginem?

395 3514 463 3578 Neo
484 3519 529 3589 tu,
551 3535 635 3596 quae
655 3516 738 3579 solio
758 3517 843 3579 freta
864 3515 1051 3579 Britannico

276 3635 328 3675 rao
356 3614 472 3677 Terres
493 3612 692 3679 Christiadas
714 3620 748 3678 et
768 3614 828 3678 tibi
848 3614 995 3695 proximo
