<?xml version="1.0" encoding="UTF-8"?>
<!DOCTYPE html PUBLIC "-//W3C//DTD XHTML 1.0 Transitional//EN"
    "http://www.w3.org/TR/xhtml1/DTD/xhtml1-transitional.dtd">
<html xmlns="http://www.w3.org/1999/xhtml" xml:lang="en" lang="en">
 <head>
  <title>
</title>
<meta http-equiv="Content-Type" content="text/html;charset=utf-8" />
  <meta name='ocr-system' content='tesseract 3.04.00' />
  <meta name='ocr-capabilities' content='ocr_page ocr_carea ocr_par ocr_line ocrx_word'/>
</head>
<body>
  <div class='ocr_page' id='page_1' title='image "adrianvsrovleri00woergoog_0028.png"; bbox 0 0 2792 4200; ppageno 0'>
   <div class='ocr_carea' id='block_1_1' title="bbox 235 1050 1135 1371">
    <p class='ocr_par' dir='ltr' id='par_1_1' title="bbox 235 1050 1135 1371">
     <span class='ocr_line' id='line_1_1' title="bbox 235 1050 1135 1175; baseline -0.004 -18"><span class='ocrx_word' id='word_1_1' title='bbox 235 1094 368 1157; x_wconf 87' lang='lat' dir='ltr'>Nobili</span> <span class='ocrx_word' id='word_1_2' title='bbox 390 1097 430 1155; x_wconf 89' lang='lat' dir='ltr'>et</span> <span class='ocrx_word' id='word_1_3' title='bbox 451 1091 629 1175; x_wconf 77' lang='lat' dir='ltr'>sapienti</span> <span class='ocrx_word' id='word_1_4' title='bbox 649 1050 754 1169; x_wconf 86' lang='lat' dir='ltr'>viro,</span> <span class='ocrx_word' id='word_1_5' title='bbox 776 1091 943 1153; x_wconf 90' lang='lat' dir='ltr'>Domino</span> <span class='ocrx_word' id='word_1_6' title='bbox 963 1091 1135 1154; x_wconf 81' lang='lat' dir='ltr'>Antonio</span> 
     </span>
     <span class='ocr_line' id='line_1_2' title="bbox 237 1189 1134 1268; baseline -0.002 -15"><span class='ocrx_word' id='word_1_7' title='bbox 237 1192 457 1268; x_wconf 89' lang='lat' dir='ltr'>Blondeli0,</span> <span class='ocrx_word' id='word_1_8' title='bbox 480 1191 730 1255; x_wconf 89' lang='lat' dir='ltr'>Cuinciorum</span> <span class='ocrx_word' id='word_1_9' title='bbox 745 1189 899 1251; x_wconf 89' lang='lat' dir='ltr'>domino</span> <span class='ocrx_word' id='word_1_10' title='bbox 921 1194 962 1252; x_wconf 91' lang='lat' dir='ltr'>et</span> <span class='ocrx_word' id='word_1_11' title='bbox 983 1190 1134 1267; x_wconf 90' lang='lat' dir='ltr'>baroni,</span> 
     </span>
     <span class='ocr_line' id='line_1_3' title="bbox 267 1287 1101 1371; baseline -0.001 -20"><span class='ocrx_word' id='word_1_12' title='bbox 267 1295 445 1371; x_wconf 88' lang='lat' dir='ltr'>patrono</span> <span class='ocrx_word' id='word_1_13' title='bbox 466 1309 555 1366; x_wconf 89' lang='lat' dir='ltr'>suo,</span> <span class='ocrx_word' id='word_1_14' title='bbox 577 1288 788 1350; x_wconf 86' lang='lat' dir='ltr'>Adrianus</span> <span class='ocrx_word' id='word_1_15' title='bbox 809 1287 855 1349; x_wconf 91' lang='lat' dir='ltr'>de</span> <span class='ocrx_word' id='word_1_16' title='bbox 876 1287 1046 1350; x_wconf 90' lang='lat' dir='ltr'>Roulers</span> <span class='ocrx_word' id='word_1_17' title='bbox 1068 1287 1101 1350; x_wconf 89' lang='lat' dir='ltr'>S.</span> 
     </span>
    </p>
   </div>
   <div class='ocr_carea' id='block_1_2' title="bbox 179 1421 1151 3763">
    <p class='ocr_par' dir='ltr' id='par_1_2' title="bbox 179 1421 1151 3763">
     <span class='ocr_line' id='line_1_4' title="bbox 240 1421 1135 1500; baseline 0 -15"><span class='ocrx_word' id='word_1_18' title='bbox 240 1423 333 1500; x_wconf 72' lang='lat' dir='ltr'>Quod</span> <span class='ocrx_word' id='word_1_19' title='bbox 352 1423 444 1486; x_wconf 92' lang='lat' dir='ltr'>nobis</span> <span class='ocrx_word' id='word_1_20' title='bbox 463 1423 496 1486; x_wconf 92' lang='lat' dir='ltr'>in</span> <span class='ocrx_word' id='word_1_21' title='bbox 521 1442 609 1484; x_wconf 90' lang='lat' dir='ltr'>more</span> <span class='ocrx_word' id='word_1_22' title='bbox 632 1425 691 1497; x_wconf 87' lang='lat' dir='ltr'>est,</span> <span class='ocrx_word' id='word_1_23' title='bbox 712 1421 762 1482; x_wconf 85' lang='lat' dir='ltr'>vir</span> <span class='ocrx_word' id='word_1_24' title='bbox 783 1421 993 1495; x_wconf 85' lang='lat' dir='ltr'>nobilissime,</span> <span class='ocrx_word' id='word_1_25' title='bbox 1014 1423 1135 1485; x_wconf 80' lang='lat' dir='ltr'>littera·</span> 
     </span>
     <span class='ocr_line' id='line_1_5' title="bbox 193 1519 1136 1602; baseline 0.003 -22"><span class='ocrx_word' id='word_1_26' title='bbox 193 1544 208 1580; x_wconf 62' lang='lat' dir='ltr'>a</span> <span class='ocrx_word' id='word_1_27' title='bbox 239 1526 292 1584; x_wconf 88' lang='lat' dir='ltr'>tae</span> <span class='ocrx_word' id='word_1_28' title='bbox 317 1523 478 1584; x_wconf 92' lang='lat' dir='ltr'>iuventuti</span> <span class='ocrx_word' id='word_1_29' title='bbox 502 1520 684 1598; x_wconf 78' lang='lat' dir='ltr'>accuratius</span> <span class='ocrx_word' id='word_1_30' title='bbox 704 1519 892 1602; x_wconf 80' lang='lat' dir='ltr'>formandae</span> <span class='ocrx_word' id='word_1_31' title='bbox 913 1519 1001 1582; x_wconf 88' lang='lat' dir='ltr'>&#39;vocis</span> <span class='ocrx_word' id='word_1_32' title='bbox 1026 1519 1136 1583; x_wconf 90' lang='lat' dir='ltr'>studio</span> 
     </span>
     <span class='ocr_line' id='line_1_6' title="bbox 238 1616 1135 1701; baseline -0.002 -19"><span class='ocrx_word' id='word_1_33' title='bbox 238 1620 314 1682; x_wconf 88' lang='lat' dir='ltr'>dare</span> <span class='ocrx_word' id='word_1_34' title='bbox 336 1621 519 1701; x_wconf 83' lang='lat' dir='ltr'>quotannis,</span> <span class='ocrx_word' id='word_1_35' title='bbox 542 1619 576 1681; x_wconf 93' lang='lat' dir='ltr'>id</span> <span class='ocrx_word' id='word_1_36' title='bbox 596 1639 701 1700; x_wconf 88' lang='lat' dir='ltr'>nuper</span> <span class='ocrx_word' id='word_1_37' title='bbox 721 1618 763 1680; x_wconf 89' lang='lat' dir='ltr'>ad</span> <span class='ocrx_word' id='word_1_38' title='bbox 784 1618 863 1680; x_wconf 91' lang='lat' dir='ltr'>Idus</span> <span class='ocrx_word' id='word_1_39' title='bbox 884 1616 1086 1698; x_wconf 82' lang='lat' dir='ltr'>Septembris</span> <span class='ocrx_word' id='word_1_40' title='bbox 1100 1618 1135 1680; x_wconf 90' lang='lat' dir='ltr'>in</span> 
     </span>
     <span class='ocr_line' id='line_1_7' title="bbox 237 1716 1135 1798; baseline -0.001 -19"><span class='ocrx_word' id='word_1_41' title='bbox 237 1717 361 1781; x_wconf 86' lang='lat' dir='ltr'>Mariae</span> <span class='ocrx_word' id='word_1_42' title='bbox 369 1717 521 1781; x_wconf 87' lang='lat' dir='ltr'>Stuartae</span> <span class='ocrx_word' id='word_1_43' title='bbox 532 1718 703 1781; x_wconf 87' lang='lat' dir='ltr'>Scotorum</span> <span class='ocrx_word' id='word_1_44' title='bbox 715 1716 845 1796; x_wconf 89' lang='lat' dir='ltr'>reginae</span> <span class='ocrx_word' id='word_1_45' title='bbox 855 1717 977 1796; x_wconf 86' lang='lat' dir='ltr'>tragico</span> <span class='ocrx_word' id='word_1_46' title='bbox 987 1718 1135 1798; x_wconf 89' lang='lat' dir='ltr'>martyrii</span> 
     </span>
     <span class='ocr_line' id='line_1_8' title="bbox 235 1815 1135 1897; baseline -0.003 -19"><span class='ocrx_word' id='word_1_47' title='bbox 235 1821 426 1896; x_wconf 90' lang='lat' dir='ltr'>argumento</span> <span class='ocrx_word' id='word_1_48' title='bbox 445 1817 638 1897; x_wconf 82' lang='lat' dir='ltr'>peregimus</span> <span class='ocrx_word' id='word_1_49' title='bbox 674 1815 740 1878; x_wconf 87' lang='lat' dir='ltr'>Sed</span> <span class='ocrx_word' id='word_1_50' title='bbox 755 1815 842 1896; x_wconf 91' lang='lat' dir='ltr'>quod</span> <span class='ocrx_word' id='word_1_51' title='bbox 857 1821 1135 1896; x_wconf 89' lang='lat' dir='ltr'>contemperaram</span> 
     </span>
     <span class='ocr_line' id='line_1_9' title="bbox 238 1912 1135 1996; baseline -0.003 -19"><span class='ocrx_word' id='word_1_52' title='bbox 238 1915 425 1996; x_wconf 88' lang='lat' dir='ltr'>spectaculo</span> <span class='ocrx_word' id='word_1_53' title='bbox 446 1915 642 1996; x_wconf 87' lang='lat' dir='ltr'>temporario</span> <span class='ocrx_word' id='word_1_54' title='bbox 664 1917 698 1975; x_wconf 91' lang='lat' dir='ltr'>et</span> <span class='ocrx_word' id='word_1_55' title='bbox 716 1913 836 1975; x_wconf 90' lang='lat' dir='ltr'>nostris</span> <span class='ocrx_word' id='word_1_56' title='bbox 851 1912 1010 1975; x_wconf 90' lang='lat' dir='ltr'>institutis</span> <span class='ocrx_word' id='word_1_57' title='bbox 1024 1913 1135 1975; x_wconf 85' lang='lat' dir='ltr'>forsan</span> 
     </span>
     <span class='ocr_line' id='line_1_10' title="bbox 179 2011 1137 2093; baseline 0.002 -22"><span class='ocrx_word' id='word_1_58' title='bbox 179 2037 205 2071; x_wconf 74' lang='lat'>10</span> <span class='ocrx_word' id='word_1_59' title='bbox 237 2013 404 2086; x_wconf 90' lang='lat' dir='ltr'>idoneum,</span> <span class='ocrx_word' id='word_1_60' title='bbox 430 2013 554 2075; x_wconf 87' lang='lat' dir='ltr'>nullam</span> <span class='ocrx_word' id='word_1_61' title='bbox 579 2013 612 2074; x_wconf 93' lang='lat' dir='ltr'>in</span> <span class='ocrx_word' id='word_1_62' title='bbox 643 2031 736 2093; x_wconf 91' lang='lat' dir='ltr'>spem</span> <span class='ocrx_word' id='word_1_63' title='bbox 764 2015 941 2091; x_wconf 84' lang='lat' dir='ltr'>perpetuae</span> <span class='ocrx_word' id='word_1_64' title='bbox 971 2011 1053 2074; x_wconf 90' lang='lat' dir='ltr'>lucis</span> <span class='ocrx_word' id='word_1_65' title='bbox 1078 2015 1137 2073; x_wconf 90' lang='lat' dir='ltr'>aut</span> 
     </span>
     <span class='ocr_line' id='line_1_11' title="bbox 236 2109 1134 2192; baseline 0 -20"><span class='ocrx_word' id='word_1_66' title='bbox 236 2112 413 2174; x_wconf 86' lang='lat' dir='ltr'>formarum</span> <span class='ocrx_word' id='word_1_67' title='bbox 444 2113 564 2192; x_wconf 91' lang='lat' dir='ltr'>quibus</span> <span class='ocrx_word' id='word_1_68' title='bbox 595 2110 812 2173; x_wconf 82' lang='lat' dir='ltr'>excuderetur</span> <span class='ocrx_word' id='word_1_69' title='bbox 840 2109 1041 2191; x_wconf 85' lang='lat' dir='ltr'>poematium</span> <span class='ocrx_word' id='word_1_70' title='bbox 1065 2130 1134 2191; x_wconf 89' lang='lat' dir='ltr'>pro·</span> 
     </span>
     <span class='ocr_line' id='line_1_12' title="bbox 237 2207 1134 2289; baseline 0.001 -19"><span class='ocrx_word' id='word_1_71' title='bbox 237 2210 413 2273; x_wconf 91' lang='lat' dir='ltr'>ferebatur.</span> <span class='ocrx_word' id='word_1_72' title='bbox 448 2208 531 2271; x_wconf 89' lang='lat' dir='ltr'>Nam</span> <span class='ocrx_word' id='word_1_73' title='bbox 544 2213 578 2271; x_wconf 88' lang='lat' dir='ltr'>et</span> <span class='ocrx_word' id='word_1_74' title='bbox 592 2209 788 2272; x_wconf 82' lang='lat' dir='ltr'>characteris</span> <span class='ocrx_word' id='word_1_75' title='bbox 802 2207 942 2288; x_wconf 86' lang='lat' dir='ltr'>dignitas</span> <span class='ocrx_word' id='word_1_76' title='bbox 957 2228 1029 2270; x_wconf 90' lang='lat' dir='ltr'>cum</span> <span class='ocrx_word' id='word_1_77' title='bbox 1044 2229 1134 2289; x_wconf 90' lang='lat' dir='ltr'>argu·</span> 
     </span>
     <span class='ocr_line' id='line_1_13' title="bbox 237 2296 1134 2381; baseline 0.002 -13"><span class='ocrx_word' id='word_1_78' title='bbox 237 2306 341 2369; x_wconf 91' lang='lat' dir='ltr'>menti</span> <span class='ocrx_word' id='word_1_79' title='bbox 362 2308 535 2369; x_wconf 85' lang='lat' dir='ltr'>maiestate</span> <span class='ocrx_word' id='word_1_80' title='bbox 556 2296 701 2370; x_wconf 88' lang='lat' dir='ltr'>nondum</span> <span class='ocrx_word' id='word_1_81' title='bbox 722 2305 893 2369; x_wconf 85' lang='lat' dir='ltr'>coniuncta</span> <span class='ocrx_word' id='word_1_82' title='bbox 914 2310 975 2381; x_wconf 90' lang='lat' dir='ltr'>est,</span> <span class='ocrx_word' id='word_1_83' title='bbox 998 2311 1031 2369; x_wconf 90' lang='lat' dir='ltr'>et</span> <span class='ocrx_word' id='word_1_84' title='bbox 1050 2327 1134 2370; x_wconf 87' lang='lat' dir='ltr'>ave·</span> 
     </span>
     <span class='ocr_line' id='line_1_14' title="bbox 236 2404 1134 2485; baseline 0 -18"><span class='ocrx_word' id='word_1_85' title='bbox 236 2408 352 2480; x_wconf 86' lang='lat' dir='ltr'>terum,</span> <span class='ocrx_word' id='word_1_86' title='bbox 366 2405 423 2485; x_wconf 93' lang='lat' dir='ltr'>qui</span> <span class='ocrx_word' id='word_1_87' title='bbox 445 2405 654 2467; x_wconf 89' lang='lat' dir='ltr'>severitatem</span> <span class='ocrx_word' id='word_1_88' title='bbox 676 2404 863 2485; x_wconf 85' lang='lat' dir='ltr'>tragoediae</span> <span class='ocrx_word' id='word_1_89' title='bbox 877 2410 1041 2482; x_wconf 89' lang='lat' dir='ltr'>ornarunt,</span> <span class='ocrx_word' id='word_1_90' title='bbox 1064 2426 1134 2468; x_wconf 90' lang='lat' dir='ltr'>con·</span> 
     </span>
     <span class='ocr_line' id='line_1_15' title="bbox 181 2502 1135 2579; baseline 0.005 -18"><span class='ocrx_word' id='word_1_91' title='bbox 181 2525 207 2561; x_wconf 65' lang='grc' dir='ltr'>ιε»</span> <span class='ocrx_word' id='word_1_92' title='bbox 238 2503 413 2566; x_wconf 89' lang='lat' dir='ltr'>suetudine</span> <span class='ocrx_word' id='word_1_93' title='bbox 427 2502 550 2565; x_wconf 84' lang='lat' dir='ltr'>invitus</span> <span class='ocrx_word' id='word_1_94' title='bbox 565 2505 599 2565; x_wconf 91' lang='lat' dir='ltr'>et</span> <span class='ocrx_word' id='word_1_95' title='bbox 611 2503 766 2565; x_wconf 90' lang='lat' dir='ltr'>historiae</span> <span class='ocrx_word' id='word_1_96' title='bbox 787 2504 968 2565; x_wconf 89' lang='lat' dir='ltr'>servantior</span> <span class='ocrx_word' id='word_1_97' title='bbox 988 2504 1135 2579; x_wconf 85' lang='lat' dir='ltr'>nonnihil</span> 
     </span>
     <span class='ocr_line' id='line_1_16' title="bbox 236 2601 1134 2682; baseline 0.002 -21"><span class='ocrx_word' id='word_1_98' title='bbox 236 2602 364 2679; x_wconf 88' lang='lat' dir='ltr'>recessi,</span> <span class='ocrx_word' id='word_1_99' title='bbox 381 2621 454 2663; x_wconf 90' lang='lat' dir='ltr'>cum</span> <span class='ocrx_word' id='word_1_100' title='bbox 466 2620 508 2662; x_wconf 87' lang='lat' dir='ltr'>ex</span> <span class='ocrx_word' id='word_1_101' title='bbox 517 2602 726 2682; x_wconf 87' lang='lat' dir='ltr'>probatorum</span> <span class='ocrx_word' id='word_1_102' title='bbox 735 2601 853 2663; x_wconf 89' lang='lat' dir='ltr'>aetatis</span> <span class='ocrx_word' id='word_1_103' title='bbox 867 2604 998 2664; x_wconf 89' lang='lat' dir='ltr'>nostrae</span> <span class='ocrx_word' id='word_1_104' title='bbox 1010 2602 1134 2664; x_wconf 90' lang='lat' dir='ltr'>histori-</span> 
     </span>
     <span class='ocr_line' id='line_1_17' title="bbox 242 2699 1135 2781; baseline 0.002 -22"><span class='ocrx_word' id='word_1_105' title='bbox 242 2718 350 2761; x_wconf 88' lang='lat' dir='ltr'>corum</span> <span class='ocrx_word' id='word_1_106' title='bbox 385 2699 505 2763; x_wconf 91' lang='lat' dir='ltr'>iudicio</span> <span class='ocrx_word' id='word_1_107' title='bbox 540 2699 695 2780; x_wconf 90' lang='lat' dir='ltr'>librisque</span> <span class='ocrx_word' id='word_1_108' title='bbox 726 2699 913 2781; x_wconf 87' lang='lat' dir='ltr'>perscriptis</span> <span class='ocrx_word' id='word_1_109' title='bbox 945 2707 1135 2779; x_wconf 88' lang='lat' dir='ltr'>excerptum</span> 
     </span>
     <span class='ocr_line' id='line_1_18' title="bbox 237 2796 1135 2879; baseline 0.004 -23"><span class='ocrx_word' id='word_1_110' title='bbox 237 2796 348 2857; x_wconf 88' lang='lat' dir='ltr'>thema</span> <span class='ocrx_word' id='word_1_111' title='bbox 369 2816 566 2879; x_wconf 91' lang='lat' dir='ltr'>componens</span> <span class='ocrx_word' id='word_1_112' title='bbox 587 2799 621 2860; x_wconf 90' lang='lat' dir='ltr'>in</span> <span class='ocrx_word' id='word_1_113' title='bbox 641 2798 703 2859; x_wconf 93' lang='lat' dir='ltr'>hoc</span> <span class='ocrx_word' id='word_1_114' title='bbox 724 2798 809 2860; x_wconf 89' lang='lat' dir='ltr'>vires</span> <span class='ocrx_word' id='word_1_115' title='bbox 836 2798 971 2874; x_wconf 88' lang='lat' dir='ltr'>intendi,</span> <span class='ocrx_word' id='word_1_116' title='bbox 998 2802 1034 2859; x_wconf 91' lang='lat' dir='ltr'>ut</span> <span class='ocrx_word' id='word_1_117' title='bbox 1055 2798 1135 2860; x_wconf 88' lang='lat' dir='ltr'>artis</span> 
     </span>
     <span class='ocr_line' id='line_1_19' title="bbox 237 2892 1151 2977; baseline 0.002 -22"><span class='ocrx_word' id='word_1_118' title='bbox 237 2892 328 2973; x_wconf 89' lang='lat' dir='ltr'>leges</span> <span class='ocrx_word' id='word_1_119' title='bbox 349 2899 383 2956; x_wconf 89' lang='lat' dir='ltr'>et</span> <span class='ocrx_word' id='word_1_120' title='bbox 404 2901 579 2977; x_wconf 89' lang='lat' dir='ltr'>praecepta</span> <span class='ocrx_word' id='word_1_121' title='bbox 600 2917 663 2959; x_wconf 91' lang='lat' dir='ltr'>non</span> <span class='ocrx_word' id='word_1_122' title='bbox 692 2897 870 2976; x_wconf 88' lang='lat' dir='ltr'>neglegam,</span> <span class='ocrx_word' id='word_1_123' title='bbox 899 2896 976 2957; x_wconf 93' lang='lat' dir='ltr'>dum</span> <span class='ocrx_word' id='word_1_124' title='bbox 998 2896 1151 2957; x_wconf 85' lang='lat' dir='ltr'>nimium</span> 
     </span>
     <span class='ocr_line' id='line_1_20' title="bbox 179 2991 1134 3073; baseline 0.004 -22"><span class='ocrx_word' id='word_1_125' title='bbox 179 3014 206 3051; x_wconf 73' lang='lat' dir='ltr'>ao</span> <span class='ocrx_word' id='word_1_126' title='bbox 238 2991 356 3054; x_wconf 90' lang='lat' dir='ltr'>studeo</span> <span class='ocrx_word' id='word_1_127' title='bbox 371 2994 510 3071; x_wconf 88' lang='lat' dir='ltr'>veritati,</span> <span class='ocrx_word' id='word_1_128' title='bbox 530 2994 689 3057; x_wconf 86' lang='lat' dir='ltr'>voluntati</span> <span class='ocrx_word' id='word_1_129' title='bbox 705 2999 780 3057; x_wconf 89' lang='lat' dir='ltr'>tuae</span> <span class='ocrx_word' id='word_1_130' title='bbox 795 2995 930 3056; x_wconf 83' lang='lat' dir='ltr'>forsitan</span> <span class='ocrx_word' id='word_1_131' title='bbox 944 2994 1134 3073; x_wconf 87' lang='lat' dir='ltr'>refragatus,</span> 
     </span>
     <span class='ocr_line' id='line_1_21' title="bbox 236 3092 1135 3172; baseline 0.002 -20"><span class='ocrx_word' id='word_1_132' title='bbox 236 3109 277 3152; x_wconf 92' lang='lat' dir='ltr'>ne</span> <span class='ocrx_word' id='word_1_133' title='bbox 310 3109 406 3171; x_wconf 91' lang='lat' dir='ltr'>quem</span> <span class='ocrx_word' id='word_1_134' title='bbox 443 3092 622 3172; x_wconf 89' lang='lat' dir='ltr'>temporius</span> <span class='ocrx_word' id='word_1_135' title='bbox 653 3092 733 3155; x_wconf 90' lang='lat' dir='ltr'>eniti</span> <span class='ocrx_word' id='word_1_136' title='bbox 763 3092 991 3153; x_wconf 89' lang='lat' dir='ltr'>contenderem</span> <span class='ocrx_word' id='word_1_137' title='bbox 1021 3097 1135 3172; x_wconf 87' lang='lat' dir='ltr'>partus</span> 
     </span>
     <span class='ocr_line' id='line_1_22' title="bbox 236 3188 1134 3271; baseline 0.002 -22"><span class='ocrx_word' id='word_1_138' title='bbox 236 3188 288 3250; x_wconf 90' lang='lat' dir='ltr'>vel</span> <span class='ocrx_word' id='word_1_139' title='bbox 310 3188 495 3268; x_wconf 87' lang='lat' dir='ltr'>abigeretur</span> <span class='ocrx_word' id='word_1_140' title='bbox 514 3192 566 3253; x_wconf 92' lang='lat' dir='ltr'>vel</span> <span class='ocrx_word' id='word_1_141' title='bbox 587 3190 734 3253; x_wconf 91' lang='lat' dir='ltr'>informis</span> <span class='ocrx_word' id='word_1_142' title='bbox 755 3194 911 3271; x_wconf 88' lang='lat' dir='ltr'>tantoque</span> <span class='ocrx_word' id='word_1_143' title='bbox 932 3194 1068 3271; x_wconf 88' lang='lat' dir='ltr'>patrono</span> <span class='ocrx_word' id='word_1_144' title='bbox 1090 3190 1134 3251; x_wconf 90' lang='lat' dir='ltr'>in·</span> 
     </span>
     <span class='ocr_line' id='line_1_23' title="bbox 236 3283 1132 3370; baseline 0.002 -23"><span class='ocrx_word' id='word_1_145' title='bbox 236 3283 353 3367; x_wconf 90' lang='lat' dir='ltr'>dignus</span> <span class='ocrx_word' id='word_1_146' title='bbox 383 3286 490 3349; x_wconf 88' lang='lat' dir='ltr'>lucem</span> <span class='ocrx_word' id='word_1_147' title='bbox 521 3288 691 3370; x_wconf 86' lang='lat' dir='ltr'>aspiceret.</span> <span class='ocrx_word' id='word_1_148' title='bbox 737 3288 941 3369; x_wconf 79' lang='lat' dir='ltr'>Quamquam</span> <span class='ocrx_word' id='word_1_149' title='bbox 971 3309 1013 3351; x_wconf 91' lang='lat' dir='ltr'>ne</span> <span class='ocrx_word' id='word_1_150' title='bbox 1045 3309 1132 3350; x_wconf 91' lang='lat' dir='ltr'>nunc</span> 
     </span>
     <span class='ocr_line' id='line_1_24' title="bbox 237 3384 1134 3467; baseline 0.002 -21"><span class='ocrx_word' id='word_1_151' title='bbox 237 3384 369 3465; x_wconf 90' lang='lat' dir='ltr'>quidem</span> <span class='ocrx_word' id='word_1_152' title='bbox 399 3405 418 3447; x_wconf 93' lang='lat' dir='ltr'>a</span> <span class='ocrx_word' id='word_1_153' title='bbox 452 3387 662 3467; x_wconf 90' lang='lat' dir='ltr'>quantumvis</span> <span class='ocrx_word' id='word_1_154' title='bbox 690 3386 820 3449; x_wconf 90' lang='lat' dir='ltr'>candidi</span> <span class='ocrx_word' id='word_1_155' title='bbox 849 3386 965 3450; x_wconf 91' lang='lat' dir='ltr'>iudicis</span> <span class='ocrx_word' id='word_1_156' title='bbox 997 3406 1134 3449; x_wconf 87' lang='lat' dir='ltr'>censura</span> 
     </span>
     <span class='ocr_line' id='line_1_25' title="bbox 182 3484 1134 3566; baseline 0.004 -25"><span class='ocrx_word' id='word_1_157' title='bbox 182 3505 208 3541; x_wconf 76' lang='lat' dir='ltr'>a</span> <span class='ocrx_word' id='word_1_158' title='bbox 239 3486 330 3545; x_wconf 88' lang='lat' dir='ltr'>tutus</span> <span class='ocrx_word' id='word_1_159' title='bbox 345 3503 418 3545; x_wconf 89' lang='lat' dir='ltr'>esse</span> <span class='ocrx_word' id='word_1_160' title='bbox 437 3486 550 3566; x_wconf 89' lang='lat' dir='ltr'>possit,</span> <span class='ocrx_word' id='word_1_161' title='bbox 571 3484 635 3547; x_wconf 87' lang='lat' dir='ltr'>nisi</span> <span class='ocrx_word' id='word_1_162' title='bbox 650 3486 780 3562; x_wconf 87' lang='lat' dir='ltr'>omnino</span> <span class='ocrx_word' id='word_1_163' title='bbox 801 3486 931 3547; x_wconf 92' lang='lat' dir='ltr'>nomine</span> <span class='ocrx_word' id='word_1_164' title='bbox 947 3489 981 3548; x_wconf 90' lang='lat' dir='ltr'>et</span> <span class='ocrx_word' id='word_1_165' title='bbox 1001 3484 1134 3546; x_wconf 88' lang='lat' dir='ltr'>auctori·</span> 
     </span>
     <span class='ocr_line' id='line_1_26' title="bbox 237 3581 1135 3665; baseline 0 -22"><span class='ocrx_word' id='word_1_166' title='bbox 237 3585 304 3643; x_wconf 89' lang='lat' dir='ltr'>tate</span> <span class='ocrx_word' id='word_1_167' title='bbox 315 3581 473 3644; x_wconf 84' lang='lat' dir='ltr'>virtutum</span> <span class='ocrx_word' id='word_1_168' title='bbox 485 3587 519 3645; x_wconf 91' lang='lat' dir='ltr'>et</span> <span class='ocrx_word' id='word_1_169' title='bbox 529 3582 721 3645; x_wconf 90' lang='lat' dir='ltr'>eruditionis</span> <span class='ocrx_word' id='word_1_170' title='bbox 735 3588 811 3647; x_wconf 90' lang='lat' dir='ltr'>tuae</span> <span class='ocrx_word' id='word_1_171' title='bbox 822 3589 989 3665; x_wconf 89' lang='lat' dir='ltr'>tamquam</span> <span class='ocrx_word' id='word_1_172' title='bbox 998 3584 1135 3662; x_wconf 89' lang='lat' dir='ltr'>paterna</span> 
     </span>
     <span class='ocr_line' id='line_1_27' title="bbox 237 3679 1135 3763; baseline 0.002 -23"><span class='ocrx_word' id='word_1_173' title='bbox 237 3698 333 3741; x_wconf 91' lang='lat' dir='ltr'>manu</span> <span class='ocrx_word' id='word_1_174' title='bbox 347 3687 519 3757; x_wconf 85' lang='lat' dir='ltr'>asseratur,</span> <span class='ocrx_word' id='word_1_175' title='bbox 543 3681 599 3761; x_wconf 90' lang='lat' dir='ltr'>qui</span> <span class='ocrx_word' id='word_1_176' title='bbox 613 3686 688 3761; x_wconf 88' lang='lat' dir='ltr'>post</span> <span class='ocrx_word' id='word_1_177' title='bbox 702 3683 944 3763; x_wconf 88' lang='lat' dir='ltr'>frequentatam</span> <span class='ocrx_word' id='word_1_178' title='bbox 958 3700 1031 3743; x_wconf 92' lang='lat' dir='ltr'>cum</span> <span class='ocrx_word' id='word_1_179' title='bbox 1048 3679 1135 3743; x_wconf 92' lang='lat' dir='ltr'>domi</span> 
     </span>
    </p>
   </div>
   <div class='ocr_carea' id='block_1_3' title="bbox 977 3803 1007 3855">
    <p class='ocr_par' dir='ltr' id='par_1_3' title="bbox 977 3803 1007 3855">
     <span class='ocr_line' id='line_1_28' title="bbox 977 3803 1007 3855; baseline 0 -23"><span class='ocrx_word' id='word_1_180' title='bbox 977 3803 1007 3855; x_wconf 74' lang='lat' dir='ltr'>l*</span> 
     </span>
    </p>
   </div>
   <div class='ocr_carea' id='block_1_4' title="bbox 0 0 1400 4200">
    <p class='ocr_par' dir='ltr' id='par_1_4' title="bbox 0 0 1400 4200">
     <span class='ocr_line' id='line_1_29' title="bbox 0 0 1400 4200; baseline 0 0"><span class='ocrx_word' id='word_1_181' title='bbox 0 0 1400 4200; x_wconf 95' lang='lat' dir='ltr'> </span> 
     </span>
    </p>
   </div>
  </div>
 </body>
</html>
