2792 4200
252 202 293 264 26
549 199 744 253 ROVLERIVS,
761 199 916 241 STVARTA.
946 198 979 241 11.

361 369 544 450 Speratibi
565 371 712 450 tuisque:
735 370 791 450 qui
811 370 858 432 nil
878 390 944 432 non
964 374 1084 451 potest,

261 483 334 536 [Dru]
363 467 529 549 Respiciet
549 469 616 531 aito
637 469 741 532 facilis
762 469 925 531 adflictam
946 469 1044 531 Deus,

651 585 820 648 Stuarta.

361 673 447 750 Quin
467 673 666 736 comminisci
686 694 752 736 non
773 673 853 736 satis
875 693 971 754 posse
992 674 1027 735 in
1049 675 1148 754 caput

292 793 332 832 ur
360 771 524 848 Nostrum,
546 771 633 850 quod
654 771 725 852 ipsa
747 776 849 834 morte
873 770 1018 834 damnari
1040 776 1148 852 queat,

360 868 460 946 Quasi
481 869 660 948 subigenda
682 870 808 948 legibus
829 870 981 950 princeps
1002 871 1113 945 torem,

361 967 597 1030 Contaminatis
619 967 733 1028 fraude
754 967 914 1030 iudicibus
936 967 1033 1044 dolet,

362 1065 459 1128 Dolet
479 1064 662 1128 Britannae.
706 1064 825 1127 Servor
845 1066 878 1126 in
899 1065 992 1142 vivis,
1015 1065 1091 1145 quia

361 1163 476 1243 Neque
499 1182 571 1225 esse
592 1183 669 1225 vera
690 1163 785 1244 culpa
805 1183 912 1243 neque
933 1163 1011 1243 fingi
1031 1167 1148 1243 potest.

294 1283 336 1323 no
404 1261 467 1337 Qui
488 1281 614 1323 summa
636 1261 717 1323 caeli
738 1261 860 1341 templa
881 1262 989 1324 sonitu
1012 1261 1166 1336 concutiS,

365 1359 525 1422 Converte
547 1359 658 1422 vultus
679 1358 720 1422 ad
742 1378 832 1420 meas
853 1359 972 1434 clades
994 1363 1096 1439 pater,

361 1457 562 1536 Mariamque
585 1477 682 1520 serva
703 1457 834 1536 regibus
854 1457 994 1534 viduam,
1016 1475 1137 1537 precor,

364 1555 457 1618 Sicut
476 1555 638 1637 losephon
660 1555 815 1635 improbis
836 1555 1003 1617 adulterae

362 1652 458 1730 Olim,
480 1652 663 1732 Susannam
684 1652 828 1715 iudicum
849 1658 995 1734 ereptam
1016 1652 1150 1734 probris

649 1768 832 1832 Medicus.

295 1881 335 1920 aar
361 1858 404 1920 Et
425 1858 453 1919 si
474 1877 608 1937 perosus
628 1856 773 1919 nondum
797 1878 833 1920 es
854 1858 1032 1919 humanum
1053 1877 1165 1937 genno,

308 1960 311 1965 ’
363 1955 391 2019 O
413 1956 469 2036 qni
486 1953 660 2036 ¹potentum
682 1956 828 2019 conscios
848 1961 957 2018 motus
978 1957 1072 2035 regia,

362 2057 506 2118 Aeterne
528 2054 639 2117 divum
660 2060 766 2117 rector
788 2058 822 2116 et
842 2053 944 2117 nostri
966 2058 1055 2117 sator

364 2152 509 2231 Generis
530 2157 657 2215 reverte
679 2154 761 2215 haec
781 2152 912 2214 numine
934 2152 968 2214 in
988 2152 1106 2216 melius
1127 2158 1194 2216 tuo.

363 2248 509 2314 Immitte
529 2252 628 2314 molle
650 2253 765 2331 pectus
786 2255 821 2311 et
841 2256 986 2312 mentem
1005 2251 1124 2314 bonam

296 2372 336 2411 no
364 2350 566 2413 Elizabetae:
588 2370 655 2430 per,
678 2348 766 2429 quod
787 2348 931 2411 adfectat
950 2349 1057 2425 nimia

363 2447 499 2527 Signum
519 2446 644 2528 imperi,
667 2446 825 2523 diadema,
846 2466 906 2527 per
926 2446 976 2509 ius
997 2447 1163 2527 hospitum

364 2545 505 2608 Consilia
525 2548 641 2622 mutet,
663 2548 794 2607 moveat
815 2548 951 2624 agnatae
974 2544 1090 2607 domus

363 2643 406 2706 Et
425 2663 484 2724 par
504 2648 652 2723 potestas
673 2647 706 2705 et
728 2643 901 2705 diuturnus
921 2642 1018 2703 nimis

363 2741 497 2818 Paedor,
520 2761 580 2804 nec
601 2740 701 2803 addat
721 2738 847 2802 crimini
868 2740 950 2802 falso
973 2739 1079 2803 fidem.
1177 2805 1183 2821 ,

296 2863 337 2903 495
365 2839 448 2917 Quia
468 2858 610 2919 namque
631 2844 755 2919 regnat,
778 2836 918 2917 concipit
938 2837 1052 2901 faciles
1073 2843 1192 2916 metue,

365 2938 540 3018 Venusque
561 2956 678 3016 magno
700 2938 829 2998 constat
848 2936 1032 3018 hospitibus
1053 2936 1158 3013 timor,

365 3036 429 3114 Qui
448 3034 651 3097 mentiuntur
672 3036 804 3112 scelera,
826 3054 891 3115 quo
911 3034 978 3097 leto
999 3035 1138 3115 probent

366 3133 503 3213 Dignam
524 3132 675 3195 verendis
697 3131 867 3212 coniugem
888 3132 1072 3209 virtutibus

265 3249 335 3302 [nra]
364 3232 512 3308 Matrem,
534 3250 685 3308 sororem,
708 3230 807 3293 filiam
828 3251 941 3311 regum
963 3229 1120 3293 occidant.

586 3347 731 3410 Amias.
773 3346 946 3409 Stuarta.

694 3445 838 3507 Amias.

297 3556 338 3595 aco
365 3535 481 3598 Mortis
501 3533 687 3615 liquescunt
707 3533 744 3594 in
762 3533 834 3595 dies
854 3552 982 3610 causae,
1004 3536 1039 3594 et
1059 3532 1148 3614 prius

366 3634 502 3715 Semper
523 3637 642 3711 negata
663 3631 784 3694 veritas
804 3629 869 3693 iam
890 3630 927 3692 fit
947 3630 1066 3711 palam.
