2792 4200
430 197 635 253 aovuuarvs,
653 164 858 240 suvaauau.
1118 202 1158 266 31

250 370 400 434 Vitamve
422 372 585 452 quondam
605 373 717 455 nilque
739 374 935 456 culpandum
955 371 1064 452 palam

249 469 292 532 Et
312 469 359 532 sic
378 476 535 552 patrasse.
579 472 733 552 Cognitas
752 473 823 550 tibi,
845 474 943 548 Deus,

251 567 409 649 Expunge
431 570 557 650 culpas3
581 575 682 652 utque
704 571 737 632 in
758 570 894 652 antiqua
914 570 978 633 fide

252 666 293 728 Et
312 666 467 747 religione
488 669 679 748 sanguinem
702 669 836 731 fundam
856 668 1008 731 ultimum

171 784 224 825 uu
251 764 292 826 Et
313 765 346 826 iu
367 766 481 829 beatas
502 766 643 830 aetheris
663 768 761 831 sedes
782 768 889 844 vehar,

250 863 348 926 Adite
370 884 511 944 prome,
533 865 676 939 caelites,
699 885 811 945 regum
831 869 968 946 patrem,

251 961 314 1037 Qui
335 967 422 1026 terra
443 968 477 1026 et
498 964 564 1027 alto
584 966 710 1044 primus
731 964 903 1046 imperium
924 963 1063 1026 obtinet:

250 1059 315 1122 Pro
336 1081 388 1122 me
410 1065 444 1123 et
464 1061 580 1124 Latino
601 1062 663 1125 rite
686 1064 865 1144 mystarum
887 1062 1028 1142 auspice,

250 1156 387 1219 Prome
409 1162 507 1239 atque
529 1158 650 1221 Hibero
671 1160 891 1240 Francicoque
912 1158 1051 1239 regibus

171 1275 225 1314 1440
252 1255 390 1317 Prome
412 1261 446 1318 et
465 1258 583 1320 Iacobo
603 1277 679 1337 rege
702 1263 736 1320 et
756 1263 882 1338 agnata,
903 1277 1025 1338 precor,

252 1353 426 1431 Elizabeta,
448 1374 506 1435 pro
528 1354 713 1418 Caledoniis
734 1353 824 1418 meis.

506 1489 643 1552 Puella
662 1491 798 1570 prima.

253 1594 279 1656 Ο
301 1585 412 1658 thema
432 1597 603 1676 tragicum!
647 1598 796 1659 Funebre
818 1617 837 1660 o
858 1597 1089 1678 spectaculum,

252 1692 376 1770 Ferale,
397 1694 538 1774 foedum,
560 1696 759 1758 luctuosum!
801 1695 844 1756 Et
864 1694 951 1775 quod
973 1694 1085 1771 Getae,

253 1790 347 1867 Quod
361 1791 492 1873 Scytha,
514 1793 600 1874 quod
622 1793 693 1855 Afri
709 1799 743 1856 et
763 1792 917 1875 Caspium
937 1793 1015 1854 litus
1036 1793 1150 1854 colens

174 1909 228 1949 ιω
256 1889 339 1953 Fora
360 1891 569 1980 pertimescat
590 1891 735 1954 trucibus
755 1897 812 1955 aut
832 1891 944 1954 Hister
964 1893 1074 1971 fugam

252 1988 418 2051 Praebens
440 1989 561 2067 Alanis,
584 1991 657 2070 quis
679 1994 728 2052 tot
748 1991 876 2072 imperii
898 1990 984 2052 notis

252 2086 395 2149 illustris
417 2107 489 2150 aras
511 2088 676 2170 hospitum
698 2089 817 2170 sparsit
838 2091 954 2151 cruor‘?

254 2184 334 2246 Tam
355 2190 469 2248 sancta
489 2206 587 2249 saevo
608 2189 755 2251 membra
776 2186 952 2250 Diomedes
971 2186 1061 2266 gregi

254 2282 424 2363 Epulanda
444 2285 578 2364 posuit?
620 2286 698 2349 Tale
720 2285 928 2367 parricidium

173 2403 227 2442 1⁴50
255 2382 335 2458 Quis
355 2382 420 2443 heu
441 2388 599 2463 tyrannus
620 2385 750 2448 saeculo
771 2384 903 2447 admisit
923 2386 1006 2446 suo?

161 2498 228 2552 [aaa]
258 2482 338 2559 Quis
359 2481 498 2545 Colchus
519 2484 613 2559 eheu,
635 2483 719 2560 diva,
742 2503 839 2564 quam
860 2482 955 2544 video
976 2486 1075 2557 tuam,

254 2583 388 2663 Regina,
411 2584 616 2646 maiestatem
638 2586 672 2645 et
692 2582 820 2664 imperii
841 2581 963 2644 decus?

566 2718 748 2780 Stuarta.

255 2824 300 2883 At
319 2842 385 2885 non
406 2826 566 2905 spopondi
588 2845 645 2887 vos
665 2824 742 2886 huic
761 2824 845 2886 tales
864 2822 967 2902 globo

255 2920 374 2983 Exuite
396 2928 518 2985 memet
538 2919 789 3004 impedimentis,
812 2940 918 3001 neque

174 3040 228 3080 ram
259 3019 442 3083 Admoveat
462 3022 527 3083 hue
546 3023 679 3085 satelles
701 3025 758 3084 aut
778 3020 871 3082 lictor
891 3037 1032 3080 manum.

255 3118 430 3199 Nunquam
451 3119 607 3183 ministris
627 3140 687 3183 usa
707 3119 847 3201 primum
868 3116 997 3192 talibus,

255 3218 430 3300 Nunquam
450 3219 561 3282 viriles
582 3224 658 3281 ante
680 3220 874 3301 conspectus
896 3234 956 3294 ego

258 3316 333 3381 Mea
354 3319 499 3381 membra
518 3318 610 3397 regni
630 3317 772 3380 cultibus
792 3334 887 3377 mane
909 3312 1047 3394 expedii.

296 3418 361 3481 Sed
384 3418 502 3500 pignus
523 3416 620 3493 istud,
642 3415 797 3491 camiiex,
819 3412 892 3475 diae
913 3411 1018 3474 crucis

177 3535 230 3574 rim
257 3515 437 3599 imaginem
457 3515 567 3598 puella
587 3515 650 3577 sibi
670 3516 782 3595 servet
801 3512 885 3574 sine:
980 3578 984 3585 ‚

259 3620 348 3695 Quae
369 3622 419 3679 ter
439 3615 592 3678 refundet
612 3632 729 3675 aureae
750 3610 891 3694 pretium
911 3608 980 3670 tibi.
