2792 4200
256 188 297 250 42
552 187 748 242 ROWAERIVS,
764 189 922 232 STVARTA.
944 190 992 232 ΙΙΙ.

299 376 339 418 ess
366 355 461 418 Nunc
481 357 637 420 occubare
657 377 746 420 nunc
765 357 864 421 iuvat.
907 358 1046 436 Quando
1065 359 1145 422 mihi

365 453 453 518 Mors
474 473 612 535 cumque
634 454 754 533 veniat,
777 454 913 532 Christe,
936 457 1014 519 dum
1035 457 1152 520 moriar
1171 462 1239 538 tua,

367 552 489 633 Optata
509 551 627 616 veniet.
670 552 788 615 Nullus
809 553 871 616 hoc
890 553 985 616 nobis
1005 555 1108 619 honor

368 651 524 713 Servatur
544 650 628 712 alius
648 650 763 728 maior3
786 654 821 713 et
840 651 869 713 si
891 651 978 730 quod
999 653 1060 715 soli

366 747 456 813 Gens
476 748 646 828 Anglioani
666 748 872 810 commodum
893 753 1064 828 exspectat
1085 770 1157 814 meo

299 866 339 906 eoo
368 846 494 910 Deinde
516 847 591 924 leto,
612 848 729 927 sponte
751 844 913 907 dimittam
934 865 972 906 ac
992 845 1108 910 lubens

365 945 517 1008 Animam
538 950 587 1008 tot
608 962 710 1006 annos
732 943 870 1007 carceris
890 942 1031 1026 pretium
1052 943 1120 1008 dati

365 1043 612 1123 Custodiaeque.
656 1041 809 1105 Ceterum
830 1043 978 1125 quamvis
998 1042 1104 1106 minus

366 1141 438 1203 Hac
457 1139 553 1202 laude
576 1139 674 1219 digna
694 1142 821 1220 gaudeo
843 1141 906 1204 dici
925 1161 965 1204 ac
983 1141 1053 1204 fore

365 1238 501 1318 Semper
521 1242 673 1301 vetustae
693 1239 788 1302 fortis
808 1240 964 1303 assertrix
983 1244 1113 1321 patrum

297 1357 338 1398 aer
366 1335 457 1397 Fidei
479 1335 631 1418 priorum.
672 1337 768 1400 Nunc
788 1358 879 1400 soror
898 1342 1025 1401 metuat
1045 1337 1122 1401 licet

363 1433 473 1497 Minus
494 1434 667 1515 minusque
690 1434 813 1499 doleat:
836 1435 952 1498 admisi
972 1436 1089 1512 sceluS,

363 1531 518 1611 Fatebor3
540 1533 624 1597 obici
645 1534 765 1595 crimen
786 1534 848 1596 hoc
868 1534 974 1596 solum
993 1537 1112 1615 potest.

364 1629 491 1693 Subdat
512 1631 619 1693 securi
640 1631 723 1693 colla
744 1629 910 1694 districtae
932 1651 1006 1694 mea

365 1728 434 1791 Nec
455 1728 636 1810 imperandi
656 1730 767 1791 servet
786 1728 943 1791 heredem
963 1728 1044 1808 loco,

296 1847 336 1886 ooo
364 1826 469 1904 Quam
490 1846 619 1906 semper
640 1826 710 1888 odit
731 1826 892 1906 dogmatis
912 1827 1029 1889 mulier
1050 1833 1148 1909 caput

363 1924 495 1987 Pridem
516 1925 634 1987 novati.
677 1923 732 1985 Sic
752 1924 785 1985 in
807 1924 1005 1987 Abramiden
1027 1924 1106 1988 Saul

265 2037 335 2093 [nra]
364 2023 491 2086 Darida
512 2022 646 2086 demens
667 2021 785 2086 saeviit
805 2025 896 2084 motu
917 2023 1016 2102 truci3

364 2122 431 2185 Sed
452 2123 506 2184 ille
528 2126 615 2186 tecto
637 2120 721 2202 fugit
740 2121 892 2185 instantis
913 2122 1018 2186 minas

364 2221 576 2285 Potentioris:
597 2221 688 2283 nulla
708 2220 845 2301 captivis
866 2225 958 2302 patet

296 2337 337 2378 ooo
365 2318 465 2384 Nobis
486 2320 639 2394 fenestra,
661 2320 751 2381 nulla
772 2339 855 2399 quae
878 2320 1008 2384 emittat
1027 2319 1157 2383 Michol.

365 2418 421 2495 Te,
443 2437 503 2480 rex
522 2421 680 2499 paterque
703 2418 865 2495 caelitrmr,
886 2421 1007 2481 testem
1027 2417 1161 2497 invoco·

368 2515 474 2594 Quem
493 2517 671 2597 praeterire
693 2516 807 2580 consili
828 2516 929 2579 nostri
950 2520 1060 2597 potest

369 2613 470 2676 Nihil:
493 2612 601 2676 subire
623 2619 762 2695 praesto,
785 2613 1011 2695 quodcumque
1032 2615 1148 2696 imperi

366 2712 502 2775 Deiecto
522 2711 639 2773 mulier
660 2711 800 2773 culmine
821 2710 964 2773 alienum
985 2712 1026 2775 ad
1047 2712 1159 2793 iugum

297 2830 337 2872 oro
364 2811 532 2891 Exsulque
552 2809 639 2890 potis
660 2813 720 2886 est,
744 2807 861 2871 millies
882 2809 991 2872 decies
1012 2812 1084 2873 neci

366 2908 491 2973 Adsum
510 2913 633 2990 parata,
655 2907 683 2971 si
704 2911 755 2971 tot
775 2907 944 2971 animabus
965 2909 1051 2971 feras

363 3006 504 3071 Abolere
525 3012 637 3089 pestes
657 3006 777 3088 impiae
795 3005 971 3070 haereseos
990 3027 1094 3087 genus

364 3107 474 3185 Atque
495 3126 646 3170 revocare
667 3106 765 3170 liceat
785 3105 955 3187 antiquam
975 3105 1081 3177 fidem.

685 3248 843 3313 Chorus·

365 3345 455 3422 Quae
477 3365 575 3427 super
595 3347 691 3411 sedes
712 3345 888 3410 habitanda
909 3344 1012 3425 captis

297 3465 337 3506 oro
365 3442 505 3507 Restat?
546 3444 598 3506 An
619 3443 763 3508 nondum
783 3444 863 3507 satis
883 3442 1063 3522 Anglicano

364 3541 450 3605 Orbe
472 3539 619 3603 diversae
639 3542 725 3604 male
746 3543 911 3603 luctuosos

469 3636 641 3700 Traximus
662 3640 789 3700 annos?
