<?xml version="1.0" encoding="UTF-8"?>
<!DOCTYPE html PUBLIC "-//W3C//DTD XHTML 1.0 Transitional//EN"
    "http://www.w3.org/TR/xhtml1/DTD/xhtml1-transitional.dtd">
<html xmlns="http://www.w3.org/1999/xhtml" xml:lang="en" lang="en">
 <head>
  <title>
</title>
<meta http-equiv="Content-Type" content="text/html;charset=utf-8" />
  <meta name='ocr-system' content='tesseract 3.04.00' />
  <meta name='ocr-capabilities' content='ocr_page ocr_carea ocr_par ocr_line ocrx_word'/>
</head>
<body>
  <div class='ocr_page' id='page_1' title='image "adrianvsrovleri00woergoog_0060.png"; bbox 0 0 2792 4200; ppageno 0'>
   <div class='ocr_carea' id='block_1_1' title="bbox 434 209 869 266">
    <p class='ocr_par' dir='ltr' id='par_1_1' title="bbox 434 209 869 266">
     <span class='ocr_line' id='line_1_1' title="bbox 434 209 869 266; baseline -0.002 -12"><span class='ocrx_word' id='word_1_1' title='bbox 434 211 629 266; x_wconf 78' lang='lat' dir='ltr'>ROVLEfflVS,</span> <span class='ocrx_word' id='word_1_2' title='bbox 645 209 803 254; x_wconf 79' lang='lat' dir='ltr'>STVARTA.</span> <span class='ocrx_word' id='word_1_3' title='bbox 823 210 869 253; x_wconf 84' lang='grc' dir='ltr'>ΠΙ.</span> 
     </span>
    </p>
   </div>
   <div class='ocr_carea' id='block_1_2' title="bbox 559 382 1112 569">
    <p class='ocr_par' dir='ltr' id='par_1_2' title="bbox 559 382 1112 569">
     <span class='ocr_line' id='line_1_2' title="bbox 559 382 736 444; baseline -0.011 -2"><span class='ocrx_word' id='word_1_4' title='bbox 559 382 736 444; x_wconf 90' lang='lat' dir='ltr'>Drurius.</span> 
     </span>
     <span class='ocr_line' id='line_1_3' title="bbox 622 488 1112 569; baseline 0.008 -19"><span class='ocrx_word' id='word_1_5' title='bbox 622 489 665 551; x_wconf 85' lang='lat' dir='ltr'>Et</span> <span class='ocrx_word' id='word_1_6' title='bbox 685 488 772 569; x_wconf 90' lang='lat' dir='ltr'>quod</span> <span class='ocrx_word' id='word_1_7' title='bbox 793 490 835 552; x_wconf 89' lang='lat' dir='ltr'>ob</span> <span class='ocrx_word' id='word_1_8' title='bbox 856 489 944 553; x_wconf 88' lang='lat' dir='ltr'>visas</span> <span class='ocrx_word' id='word_1_9' title='bbox 963 490 1112 554; x_wconf 77' lang='lat' dir='ltr'>malum?</span> 
     </span>
    </p>
   </div>
   <div class='ocr_carea' id='block_1_3' title="bbox 578 622 719 686">
    <p class='ocr_par' dir='ltr' id='par_1_3' title="bbox 578 622 719 686">
     <span class='ocr_line' id='line_1_4' title="bbox 578 622 719 686; baseline -0.007 -2"><span class='ocrx_word' id='word_1_10' title='bbox 578 622 719 686; x_wconf 79' lang='lat' dir='ltr'>Amias.</span> 
     </span>
    </p>
   </div>
   <div class='ocr_carea' id='block_1_4' title="bbox 157 721 1139 2581">
    <p class='ocr_par' dir='ltr' id='par_1_4' title="bbox 250 721 902 810">
     <span class='ocr_line' id='line_1_5' title="bbox 250 721 902 810; baseline 0.005 -20"><span class='ocrx_word' id='word_1_11' title='bbox 250 729 308 793; x_wconf 90' lang='lat' dir='ltr'>Vel</span> <span class='ocrx_word' id='word_1_12' title='bbox 329 730 401 810; x_wconf 88' lang='lat' dir='ltr'>ipsa</span> <span class='ocrx_word' id='word_1_13' title='bbox 421 729 520 792; x_wconf 86' lang='lat' dir='ltr'>simili</span> <span class='ocrx_word' id='word_1_14' title='bbox 540 730 604 792; x_wconf 90' lang='lat' dir='ltr'>fine</span> <span class='ocrx_word' id='word_1_15' title='bbox 625 730 679 792; x_wconf 89' lang='lat' dir='ltr'>vel</span> <span class='ocrx_word' id='word_1_16' title='bbox 699 730 806 793; x_wconf 88' lang='lat' dir='ltr'>victus</span> <span class='ocrx_word' id='word_1_17' title='bbox 827 721 902 793; x_wconf 89' lang='lat' dir='ltr'>dolo</span> 
     </span>
    </p>

    <p class='ocr_par' dir='ltr' id='par_1_5' title="bbox 180 827 1129 1305">
     <span class='ocr_line' id='line_1_6' title="bbox 180 827 1129 910; baseline 0.006 -22"><span class='ocrx_word' id='word_1_18' title='bbox 180 847 222 889; x_wconf 75' lang='lat' dir='ltr'>roc</span> <span class='ocrx_word' id='word_1_19' title='bbox 250 827 388 908; x_wconf 80' lang='lat' dir='ltr'>Scripsit</span> <span class='ocrx_word' id='word_1_20' title='bbox 407 828 563 890; x_wconf 88' lang='lat' dir='ltr'>clientum</span> <span class='ocrx_word' id='word_1_21' title='bbox 584 828 765 909; x_wconf 84' lang='lat' dir='ltr'>quisquam,</span> <span class='ocrx_word' id='word_1_22' title='bbox 787 834 822 891; x_wconf 91' lang='lat' dir='ltr'>et</span> <span class='ocrx_word' id='word_1_23' title='bbox 842 833 1014 910; x_wconf 79' lang='lat' dir='ltr'>exceptam</span> <span class='ocrx_word' id='word_1_24' title='bbox 1035 835 1129 894; x_wconf 86' lang='lat' dir='ltr'>catus</span> 
     </span>
     <span class='ocr_line' id='line_1_7' title="bbox 246 926 1073 1012; baseline 0.002 -24"><span class='ocrx_word' id='word_1_25' title='bbox 246 926 443 1007; x_wconf 90' lang='lat' dir='ltr'>Lectamque</span> <span class='ocrx_word' id='word_1_26' title='bbox 465 926 727 1008; x_wconf 79' lang='lat' dir='ltr'>descriptamque</span> <span class='ocrx_word' id='word_1_27' title='bbox 747 947 875 1012; x_wconf 85' lang='lat' dir='ltr'>rursum</span> <span class='ocrx_word' id='word_1_28' title='bbox 898 928 1073 1008; x_wconf 83' lang='lat' dir='ltr'>epistulam</span> 
     </span>
     <span class='ocr_line' id='line_1_8' title="bbox 249 1024 867 1107; baseline 0 -20"><span class='ocrx_word' id='word_1_29' title='bbox 249 1024 331 1087; x_wconf 92' lang='lat' dir='ltr'>Illuc</span> <span class='ocrx_word' id='word_1_30' title='bbox 351 1025 492 1102; x_wconf 88' lang='lat' dir='ltr'>remitto,</span> <span class='ocrx_word' id='word_1_31' title='bbox 515 1045 579 1105; x_wconf 92' lang='lat' dir='ltr'>quo</span> <span class='ocrx_word' id='word_1_32' title='bbox 599 1026 787 1107; x_wconf 89' lang='lat' dir='ltr'>peregrinas</span> <span class='ocrx_word' id='word_1_33' title='bbox 808 1026 867 1089; x_wconf 88' lang='lat' dir='ltr'>scii</span> 
     </span>
     <span class='ocr_line' id='line_1_9' title="bbox 248 1122 970 1188; baseline 0.001 -3"><span class='ocrx_word' id='word_1_34' title='bbox 248 1124 348 1186; x_wconf 90' lang='lat' dir='ltr'>Paulo</span> <span class='ocrx_word' id='word_1_35' title='bbox 370 1128 446 1186; x_wconf 87' lang='lat' dir='ltr'>ante</span> <span class='ocrx_word' id='word_1_36' title='bbox 468 1122 586 1186; x_wconf 88' lang='lat' dir='ltr'>missas</span> <span class='ocrx_word' id='word_1_37' title='bbox 607 1125 813 1187; x_wconf 83' lang='lat' dir='ltr'>exsulantum</span> <span class='ocrx_word' id='word_1_38' title='bbox 833 1124 970 1188; x_wconf 83' lang='lat' dir='ltr'>litteras.</span> 
     </span>
     <span class='ocr_line' id='line_1_10' title="bbox 246 1221 1049 1305; baseline 0.001 -21"><span class='ocrx_word' id='word_1_39' title='bbox 246 1221 478 1303; x_wconf 81' lang='lat' dir='ltr'>Quodcumque</span> <span class='ocrx_word' id='word_1_40' title='bbox 499 1222 714 1303; x_wconf 87' lang='lat' dir='ltr'>respondetur</span> <span class='ocrx_word' id='word_1_41' title='bbox 726 1223 811 1300; x_wconf 89' lang='lat' dir='ltr'>hinc,</span> <span class='ocrx_word' id='word_1_42' title='bbox 833 1223 923 1286; x_wconf 88' lang='lat' dir='ltr'>illinc</span> <span class='ocrx_word' id='word_1_43' title='bbox 943 1243 1049 1305; x_wconf 87' lang='lat' dir='ltr'>super,</span> 
     </span>
    </p>

    <p class='ocr_par' dir='ltr' id='par_1_6' title="bbox 180 1320 1139 1797">
     <span class='ocr_line' id='line_1_11' title="bbox 180 1320 916 1402; baseline 0.007 -22"><span class='ocrx_word' id='word_1_44' title='bbox 180 1341 221 1380; x_wconf 81' lang='lat' dir='ltr'>no</span> <span class='ocrx_word' id='word_1_45' title='bbox 250 1320 510 1383; x_wconf 85' lang='lat' dir='ltr'>Examinandum</span> <span class='ocrx_word' id='word_1_46' title='bbox 531 1324 648 1384; x_wconf 87' lang='lat' dir='ltr'>nactus</span> <span class='ocrx_word' id='word_1_47' title='bbox 669 1321 805 1402; x_wconf 88' lang='lat' dir='ltr'>exposui</span> <span class='ocrx_word' id='word_1_48' title='bbox 825 1321 916 1399; x_wconf 73' lang='lat' dir='ltr'>meis</span> 
     </span>
     <span class='ocr_line' id='line_1_12' title="bbox 248 1418 929 1500; baseline 0.004 -20"><span class='ocrx_word' id='word_1_49' title='bbox 248 1418 527 1482; x_wconf 88' lang='lat' dir='ltr'>Communicatum</span> <span class='ocrx_word' id='word_1_50' title='bbox 548 1420 726 1500; x_wconf 78' lang='lat' dir='ltr'>Valsigano</span> <span class='ocrx_word' id='word_1_51' title='bbox 748 1421 929 1498; x_wconf 72' lang='lat' dir='ltr'>stacteus</span> 
     </span>
     <span class='ocr_line' id='line_1_13' title="bbox 246 1517 979 1594; baseline 0.005 -15"><span class='ocrx_word' id='word_1_52' title='bbox 246 1517 387 1594; x_wconf 78' lang='lat' dir='ltr'>Quorum</span> <span class='ocrx_word' id='word_1_53' title='bbox 407 1519 545 1581; x_wconf 90' lang='lat' dir='ltr'>interest</span> <span class='ocrx_word' id='word_1_54' title='bbox 566 1518 719 1581; x_wconf 88' lang='lat' dir='ltr'>damnare</span> <span class='ocrx_word' id='word_1_55' title='bbox 739 1517 860 1581; x_wconf 90' lang='lat' dir='ltr'>iudicio</span> <span class='ocrx_word' id='word_1_56' title='bbox 880 1539 979 1584; x_wconf 86' lang='lat' dir='ltr'>ream.</span> 
     </span>
     <span class='ocr_line' id='line_1_14' title="bbox 246 1616 1108 1698; baseline 0.006 -22"><span class='ocrx_word' id='word_1_57' title='bbox 246 1616 410 1697; x_wconf 86' lang='lat' dir='ltr'>Exspecto</span> <span class='ocrx_word' id='word_1_58' title='bbox 431 1617 538 1679; x_wconf 91' lang='lat' dir='ltr'>finem.</span> <span class='ocrx_word' id='word_1_59' title='bbox 582 1617 687 1694; x_wconf 78' lang='lat' dir='ltr'>Quam</span> <span class='ocrx_word' id='word_1_60' title='bbox 708 1637 822 1697; x_wconf 82' lang='lat' dir='ltr'>precor</span> <span class='ocrx_word' id='word_1_61' title='bbox 842 1617 984 1698; x_wconf 88' lang='lat' dir='ltr'>speciem</span> <span class='ocrx_word' id='word_1_62' title='bbox 1006 1638 1108 1697; x_wconf 87' lang='lat' dir='ltr'>queas</span> 
     </span>
     <span class='ocr_line' id='line_1_15' title="bbox 250 1713 1139 1797; baseline 0.004 -22"><span class='ocrx_word' id='word_1_63' title='bbox 250 1713 417 1776; x_wconf 88' lang='lat' dir='ltr'>Scelerum</span> <span class='ocrx_word' id='word_1_64' title='bbox 437 1715 579 1797; x_wconf 87' lang='lat' dir='ltr'>priorem</span> <span class='ocrx_word' id='word_1_65' title='bbox 600 1714 747 1795; x_wconf 72' lang='lat' dir='ltr'>fingere?</span> <span class='ocrx_word' id='word_1_66' title='bbox 787 1717 856 1778; x_wconf 90' lang='lat' dir='ltr'>Aut</span> <span class='ocrx_word' id='word_1_67' title='bbox 876 1716 932 1795; x_wconf 90' lang='lat' dir='ltr'>qui</span> <span class='ocrx_word' id='word_1_68' title='bbox 952 1717 1018 1778; x_wconf 88' lang='lat' dir='ltr'>iam</span> <span class='ocrx_word' id='word_1_69' title='bbox 1037 1721 1139 1797; x_wconf 84' lang='lat' dir='ltr'>neget</span> 
     </span>
    </p>

    <p class='ocr_par' dir='ltr' id='par_1_7' title="bbox 179 1811 1106 2287">
     <span class='ocr_line' id='line_1_16' title="bbox 179 1811 959 1876; baseline 0.005 -4"><span class='ocrx_word' id='word_1_70' title='bbox 179 1832 219 1872; x_wconf 80' lang='lat' dir='ltr'>nc</span> <span class='ocrx_word' id='word_1_71' title='bbox 248 1811 381 1874; x_wconf 87' lang='lat' dir='ltr'>Stuarta</span> <span class='ocrx_word' id='word_1_72' title='bbox 401 1817 508 1876; x_wconf 90' lang='lat' dir='ltr'>motos</span> <span class='ocrx_word' id='word_1_73' title='bbox 529 1813 562 1874; x_wconf 93' lang='lat' dir='ltr'>in</span> <span class='ocrx_word' id='word_1_74' title='bbox 584 1833 662 1875; x_wconf 88' lang='lat' dir='ltr'>suae</span> <span class='ocrx_word' id='word_1_75' title='bbox 685 1813 824 1875; x_wconf 87' lang='lat' dir='ltr'>exitium</span> <span class='ocrx_word' id='word_1_76' title='bbox 844 1813 959 1876; x_wconf 86' lang='lat' dir='ltr'>Scotos</span> 
     </span>
     <span class='ocr_line' id='line_1_17' title="bbox 244 1909 1106 1992; baseline 0.003 -20"><span class='ocrx_word' id='word_1_77' title='bbox 244 1910 433 1992; x_wconf 82' lang='lat' dir='ltr'>Anglosque</span> <span class='ocrx_word' id='word_1_78' title='bbox 455 1910 628 1974; x_wconf 75' lang='lat' dir='ltr'>dominae?</span> <span class='ocrx_word' id='word_1_79' title='bbox 669 1909 743 1972; x_wconf 92' lang='lat' dir='ltr'>Non</span> <span class='ocrx_word' id='word_1_80' title='bbox 763 1914 874 1992; x_wconf 87' lang='lat' dir='ltr'>potest</span> <span class='ocrx_word' id='word_1_81' title='bbox 894 1912 928 1973; x_wconf 89' lang='lat' dir='ltr'>in</span> <span class='ocrx_word' id='word_1_82' title='bbox 950 1912 998 1975; x_wconf 91' lang='lat' dir='ltr'>eis</span> <span class='ocrx_word' id='word_1_83' title='bbox 1019 1913 1106 1975; x_wconf 91' lang='lat' dir='ltr'>enim</span> 
     </span>
     <span class='ocr_line' id='line_1_18' title="bbox 246 2007 995 2090; baseline 0.007 -22"><span class='ocrx_word' id='word_1_84' title='bbox 246 2007 301 2069; x_wconf 92' lang='lat' dir='ltr'>Nil</span> <span class='ocrx_word' id='word_1_85' title='bbox 321 2029 393 2072; x_wconf 91' lang='lat' dir='ltr'>esse</span> <span class='ocrx_word' id='word_1_86' title='bbox 415 2008 554 2089; x_wconf 88' lang='lat' dir='ltr'>scriptis,</span> <span class='ocrx_word' id='word_1_87' title='bbox 577 2009 646 2070; x_wconf 90' lang='lat' dir='ltr'>iure</span> <span class='ocrx_word' id='word_1_88' title='bbox 668 2008 755 2088; x_wconf 91' lang='lat' dir='ltr'>quod</span> <span class='ocrx_word' id='word_1_89' title='bbox 777 2009 865 2090; x_wconf 90' lang='lat' dir='ltr'>carpi</span> <span class='ocrx_word' id='word_1_90' title='bbox 887 2015 995 2090; x_wconf 87' lang='lat' dir='ltr'>queat.</span> 
     </span>
     <span class='ocr_line' id='line_1_19' title="bbox 245 2107 1033 2188; baseline 0.005 -21"><span class='ocrx_word' id='word_1_91' title='bbox 245 2107 360 2170; x_wconf 90' lang='lat' dir='ltr'>Nonne</span> <span class='ocrx_word' id='word_1_92' title='bbox 382 2107 491 2188; x_wconf 88' lang='lat' dir='ltr'>aliqua</span> <span class='ocrx_word' id='word_1_93' title='bbox 513 2107 642 2170; x_wconf 87' lang='lat' dir='ltr'>dabitur</span> <span class='ocrx_word' id='word_1_94' title='bbox 662 2109 746 2170; x_wconf 88' lang='lat' dir='ltr'>ratio</span> <span class='ocrx_word' id='word_1_95' title='bbox 767 2113 913 2171; x_wconf 87' lang='lat' dir='ltr'>maturae</span> <span class='ocrx_word' id='word_1_96' title='bbox 934 2108 1033 2186; x_wconf 88' lang='lat' dir='ltr'>necis,</span> 
     </span>
     <span class='ocr_line' id='line_1_20' title="bbox 248 2205 1015 2287; baseline 0.004 -22"><span class='ocrx_word' id='word_1_97' title='bbox 248 2205 329 2266; x_wconf 89' lang='lat' dir='ltr'>Cum</span> <span class='ocrx_word' id='word_1_98' title='bbox 350 2206 550 2287; x_wconf 88' lang='lat' dir='ltr'>deprehendi</span> <span class='ocrx_word' id='word_1_99' title='bbox 573 2206 736 2287; x_wconf 90' lang='lat' dir='ltr'>principes</span> <span class='ocrx_word' id='word_1_100' title='bbox 757 2206 881 2286; x_wconf 88' lang='lat' dir='ltr'>fingent</span> <span class='ocrx_word' id='word_1_101' title='bbox 900 2208 1015 2269; x_wconf 81' lang='lat' dir='ltr'>nefas?</span> 
     </span>
    </p>

    <p class='ocr_par' dir='ltr' id='par_1_8' title="bbox 181 2302 969 2479">
     <span class='ocr_line' id='line_1_21' title="bbox 181 2302 966 2385; baseline 0.005 -22"><span class='ocrx_word' id='word_1_102' title='bbox 181 2322 222 2363; x_wconf 78' lang='lat' dir='ltr'>uo</span> <span class='ocrx_word' id='word_1_103' title='bbox 251 2302 322 2380; x_wconf 77' lang='lat' dir='ltr'>Qui,</span> <span class='ocrx_word' id='word_1_104' title='bbox 344 2322 385 2365; x_wconf 92' lang='lat' dir='ltr'>ne</span> <span class='ocrx_word' id='word_1_105' title='bbox 407 2304 543 2366; x_wconf 88' lang='lat' dir='ltr'>clientes</span> <span class='ocrx_word' id='word_1_106' title='bbox 564 2304 704 2385; x_wconf 91' lang='lat' dir='ltr'>amplius</span> <span class='ocrx_word' id='word_1_107' title='bbox 725 2303 848 2367; x_wconf 86' lang='lat' dir='ltr'>similes</span> <span class='ocrx_word' id='word_1_108' title='bbox 869 2305 966 2368; x_wconf 89' lang='lat' dir='ltr'>herae</span> 
     </span>
     <span class='ocr_line' id='line_1_22' title="bbox 250 2396 969 2479; baseline 0.003 -16"><span class='ocrx_word' id='word_1_109' title='bbox 250 2396 336 2479; x_wconf 83' lang='lat' dir='ltr'>Quid</span> <span class='ocrx_word' id='word_1_110' title='bbox 355 2402 537 2479; x_wconf 87' lang='lat' dir='ltr'>moliantur,</span> <span class='ocrx_word' id='word_1_111' title='bbox 559 2403 593 2464; x_wconf 91' lang='lat' dir='ltr'>in</span> <span class='ocrx_word' id='word_1_112' title='bbox 615 2422 731 2465; x_wconf 91' lang='lat' dir='ltr'>nemus</span> <span class='ocrx_word' id='word_1_113' title='bbox 752 2403 868 2466; x_wconf 88' lang='lat' dir='ltr'>ductos</span> <span class='ocrx_word' id='word_1_114' title='bbox 889 2403 969 2465; x_wconf 90' lang='lat' dir='ltr'>mihi</span> 
     </span>
    </p>

    <p class='ocr_par' dir='ltr' id='par_1_9' title="bbox 157 2498 888 2581">
     <span class='ocr_line' id='line_1_23' title="bbox 157 2498 888 2581; baseline 0.005 -20"><span class='ocrx_word' id='word_1_115' title='bbox 157 2516 219 2569; x_wconf 76' lang='lat' dir='ltr'>nnc]</span> <span class='ocrx_word' id='word_1_116' title='bbox 250 2500 394 2581; x_wconf 83' lang='lat' dir='ltr'>Regione</span> <span class='ocrx_word' id='word_1_117' title='bbox 415 2501 504 2563; x_wconf 88' lang='lat' dir='ltr'>varia</span> <span class='ocrx_word' id='word_1_118' title='bbox 525 2498 713 2562; x_wconf 90' lang='lat' dir='ltr'>dididerunt</span> <span class='ocrx_word' id='word_1_119' title='bbox 734 2500 888 2581; x_wconf 87' lang='lat' dir='ltr'>singulos.</span> 
     </span>
    </p>
   </div>
   <div class='ocr_carea' id='block_1_5' title="bbox 556 2624 740 2688">
    <p class='ocr_par' dir='ltr' id='par_1_10' title="bbox 556 2624 740 2688">
     <span class='ocr_line' id='line_1_24' title="bbox 556 2624 740 2688; baseline 0.005 -1"><span class='ocrx_word' id='word_1_120' title='bbox 556 2624 740 2688; x_wconf 80' lang='lat' dir='ltr'>Drurius</span> 
     </span>
    </p>
   </div>
   <div class='ocr_carea' id='block_1_6' title="bbox 248 2731 1052 2911">
    <p class='ocr_par' dir='ltr' id='par_1_11' title="bbox 248 2731 1052 2911">
     <span class='ocr_line' id='line_1_25' title="bbox 248 2731 852 2815; baseline -0.003 -21"><span class='ocrx_word' id='word_1_121' title='bbox 248 2733 281 2794; x_wconf 85' lang='lat' dir='ltr'>Si</span> <span class='ocrx_word' id='word_1_122' title='bbox 304 2735 492 2815; x_wconf 88' lang='lat' dir='ltr'>perseverat</span> <span class='ocrx_word' id='word_1_123' title='bbox 512 2732 645 2795; x_wconf 89' lang='lat' dir='ltr'>Parisiis</span> <span class='ocrx_word' id='word_1_124' title='bbox 667 2731 852 2809; x_wconf 82' lang='lat' dir='ltr'>Giffordius‚</span> 
     </span>
     <span class='ocr_line' id='line_1_26' title="bbox 248 2830 1052 2911; baseline -0.002 -16"><span class='ocrx_word' id='word_1_125' title='bbox 248 2832 319 2909; x_wconf 78' lang='lat' dir='ltr'>Quo</span> <span class='ocrx_word' id='word_1_126' title='bbox 341 2831 460 2894; x_wconf 91' lang='lat' dir='ltr'>deinde</span> <span class='ocrx_word' id='word_1_127' title='bbox 481 2831 605 2893; x_wconf 90' lang='lat' dir='ltr'>reditus</span> <span class='ocrx_word' id='word_1_128' title='bbox 626 2831 757 2892; x_wconf 88' lang='lat' dir='ltr'>nomine</span> <span class='ocrx_word' id='word_1_129' title='bbox 779 2830 927 2893; x_wconf 89' lang='lat' dir='ltr'>assiduos</span> <span class='ocrx_word' id='word_1_130' title='bbox 949 2831 1052 2911; x_wconf 76' lang='lat' dir='ltr'>tegit?</span> 
     </span>
    </p>
   </div>
   <div class='ocr_carea' id='block_1_7' title="bbox 179 2964 1059 3154">
    <p class='ocr_par' dir='ltr' id='par_1_12' title="bbox 179 2964 1059 3154">
     <span class='ocr_line' id='line_1_27' title="bbox 574 2964 719 3026; baseline 0.007 -1"><span class='ocrx_word' id='word_1_131' title='bbox 574 2964 719 3026; x_wconf 79' lang='lat' dir='ltr'>Amias</span> 
     </span>
     <span class='ocr_line' id='line_1_28' title="bbox 179 3070 1059 3154; baseline -0.003 -18"><span class='ocrx_word' id='word_1_132' title='bbox 179 3096 218 3136; x_wconf 77' lang='lat' dir='ltr'>rra</span> <span class='ocrx_word' id='word_1_133' title='bbox 247 3075 318 3152; x_wconf 78' lang='lat' dir='ltr'>Quo</span> <span class='ocrx_word' id='word_1_134' title='bbox 339 3094 457 3154; x_wconf 90' lang='lat' dir='ltr'>nempe</span> <span class='ocrx_word' id='word_1_135' title='bbox 479 3072 608 3135; x_wconf 89' lang='lat' dir='ltr'>solitus:</span> <span class='ocrx_word' id='word_1_136' title='bbox 631 3071 714 3133; x_wconf 89' lang='lat' dir='ltr'>clam</span> <span class='ocrx_word' id='word_1_137' title='bbox 735 3070 799 3151; x_wconf 90' lang='lat' dir='ltr'>piis</span> <span class='ocrx_word' id='word_1_138' title='bbox 820 3078 951 3151; x_wconf 88' lang='lat' dir='ltr'>operam</span> <span class='ocrx_word' id='word_1_139' title='bbox 973 3070 1059 3133; x_wconf 87' lang='lat' dir='ltr'>dare.</span> 
     </span>
    </p>
   </div>
   <div class='ocr_carea' id='block_1_8' title="bbox 242 3205 957 3395">
    <p class='ocr_par' dir='ltr' id='par_1_13' title="bbox 242 3205 957 3395">
     <span class='ocr_line' id='line_1_29' title="bbox 556 3205 732 3267; baseline -0.023 0"><span class='ocrx_word' id='word_1_140' title='bbox 556 3205 732 3267; x_wconf 90' lang='lat' dir='ltr'>Drurius.</span> 
     </span>
     <span class='ocr_line' id='line_1_30' title="bbox 242 3310 957 3395; baseline -0.004 -19"><span class='ocrx_word' id='word_1_141' title='bbox 242 3314 402 3395; x_wconf 87' lang='lat' dir='ltr'>Suspecta</span> <span class='ocrx_word' id='word_1_142' title='bbox 423 3313 552 3375; x_wconf 89' lang='lat' dir='ltr'>reducis</span> <span class='ocrx_word' id='word_1_143' title='bbox 573 3312 717 3374; x_wconf 88' lang='lat' dir='ltr'>crebrius</span> <span class='ocrx_word' id='word_1_144' title='bbox 738 3310 838 3374; x_wconf 83' lang='lat' dir='ltr'>luerit</span> <span class='ocrx_word' id='word_1_145' title='bbox 858 3310 957 3373; x_wconf 79' lang='lat' dir='ltr'>salus,</span> 
     </span>
    </p>
   </div>
   <div class='ocr_carea' id='block_1_9' title="bbox 567 3445 714 3507">
    <p class='ocr_par' dir='ltr' id='par_1_14' title="bbox 567 3445 714 3507">
     <span class='ocr_line' id='line_1_31' title="bbox 567 3445 714 3507; baseline 0 0"><span class='ocrx_word' id='word_1_146' title='bbox 567 3445 714 3507; x_wconf 72' lang='lat' dir='ltr'>Amias,</span> 
     </span>
    </p>
   </div>
   <div class='ocr_carea' id='block_1_10' title="bbox 239 3551 1085 3731">
    <p class='ocr_par' dir='ltr' id='par_1_15' title="bbox 239 3551 1085 3731">
     <span class='ocr_line' id='line_1_32' title="bbox 241 3551 1085 3635; baseline -0.005 -18"><span class='ocrx_word' id='word_1_147' title='bbox 241 3554 308 3617; x_wconf 91' lang='lat' dir='ltr'>Sed</span> <span class='ocrx_word' id='word_1_148' title='bbox 329 3558 498 3635; x_wconf 87' lang='lat' dir='ltr'>tamquam</span> <span class='ocrx_word' id='word_1_149' title='bbox 518 3554 551 3616; x_wconf 91' lang='lat' dir='ltr'>in</span> <span class='ocrx_word' id='word_1_150' title='bbox 574 3552 683 3634; x_wconf 91' lang='lat' dir='ltr'>aliquo</span> <span class='ocrx_word' id='word_1_151' title='bbox 705 3551 930 3633; x_wconf 87' lang='lat' dir='ltr'>deprehensus</span> <span class='ocrx_word' id='word_1_152' title='bbox 951 3551 1085 3614; x_wconf 91' lang='lat' dir='ltr'>crimine</span> 
     </span>
     <span class='ocr_line' id='line_1_33' title="bbox 239 3649 924 3731; baseline -0.007 -16"><span class='ocrx_word' id='word_1_153' title='bbox 239 3652 351 3715; x_wconf 87' lang='lat' dir='ltr'>Patria</span> <span class='ocrx_word' id='word_1_154' title='bbox 372 3653 498 3715; x_wconf 81' lang='lat' dir='ltr'>teretur</span> <span class='ocrx_word' id='word_1_155' title='bbox 518 3651 614 3715; x_wconf 89' lang='lat' dir='ltr'>exsul</span> <span class='ocrx_word' id='word_1_156' title='bbox 635 3650 675 3713; x_wconf 94' lang='lat' dir='ltr'>ad</span> <span class='ocrx_word' id='word_1_157' title='bbox 697 3649 840 3731; x_wconf 88' lang='lat' dir='ltr'>speciem</span> <span class='ocrx_word' id='word_1_158' title='bbox 863 3651 924 3713; x_wconf 89' lang='lat' dir='ltr'>eici</span> 
     </span>
    </p>
   </div>
   <div class='ocr_carea' id='block_1_11' title="bbox 1013 3769 1045 3823">
    <p class='ocr_par' dir='ltr' id='par_1_16' title="bbox 1013 3769 1045 3823">
     <span class='ocr_line' id='line_1_34' title="bbox 1013 3769 1045 3823; baseline 0 -24"><span class='ocrx_word' id='word_1_159' title='bbox 1013 3769 1045 3823; x_wconf 72' lang='grc'>3*</span> 
     </span>
    </p>
   </div>
   <div class='ocr_carea' id='block_1_12' title="bbox 0 0 1400 4200">
    <p class='ocr_par' dir='ltr' id='par_1_17' title="bbox 0 0 1400 4200">
     <span class='ocr_line' id='line_1_35' title="bbox 0 0 1400 4200; baseline 0 0"><span class='ocrx_word' id='word_1_160' title='bbox 0 0 1400 4200; x_wconf 95' lang='lat' dir='ltr'> </span> 
     </span>
    </p>
   </div>
  </div>
 </body>
</html>
