2792 4200
269 157 310 220 48
560 156 757 215 ROVLERIVS‚
777 161 934 206 STVARTA.
954 166 997 209 IV.

377 327 486 406 Atque
508 347 583 391 ecoe
606 331 661 409 qui
683 330 827 411 diploma
846 330 992 392 Londino
1012 353 1111 411 super

297 446 349 485 ron
377 424 557 504 Regnantis
578 427 660 490 haee
680 432 816 508 urgente
837 425 989 488 mandato
1009 429 1130 505 attulit,

376 522 420 584 Vt
441 525 601 587 crastinus
622 545 696 589 oum
717 525 868 586 Phoebus
888 526 1036 586 octavam
1056 524 1150 603 feret,

378 621 576 702 Peragamus
597 624 630 685 in
651 629 694 698 te,
717 619 873 702 quidquid
893 620 965 703 ipsa
985 623 1150 704 praecipit.

377 718 471 796 Quod
493 721 526 782 in
547 741 625 783 suae
646 718 758 782 molita
777 719 954 798 perniciem
976 720 1112 800 Angliae

378 818 420 878 Et
440 818 628 880 vastitatem
649 836 753 896 nuper
774 815 877 879 accire
899 822 1038 896 exteros

297 935 349 976 ruo
378 913 441 992 Qui
461 914 625 996 religionis
645 914 678 975 in
700 913 888 976 Latinorum
910 915 1008 979 fidem

377 1015 580 1077 Auctoritate
601 1030 714 1074 rursus
735 1012 836 1075 oblita
855 1018 985 1094 patrum

377 1113 522 1192 Agerent
542 1110 716 1172 Britannos
738 1115 772 1172 et
791 1111 853 1173 sub
873 1111 1054 1174 Ausonium
1076 1132 1198 1192 senem,

377 1209 480 1287 Quem
501 1209 605 1289 prima
625 1210 773 1288 sequeris
793 1229 956 1290 quemque
978 1211 1146 1292 compellis
1166 1212 1260 1292 sequi

377 1308 499 1388 Papam
520 1313 658 1384 tuorum,
682 1327 718 1370 es
738 1327 846 1386 nausa,
868 1328 925 1369 our
946 1310 1049 1389 possit
1069 1310 1178 1372 minus

280 1424 350 1476 [esu]
379 1407 483 1468 Verus
503 1406 648 1486 supremi
668 1407 777 1468 cultus
797 1407 861 1468 huo
881 1405 974 1468 reddi
994 1405 1105 1488 patris,

377 1503 574 1584 Guisiaeque
596 1504 745 1566 columen
765 1504 918 1585 pervicax
939 1524 1068 1586 semper
1089 1505 1205 1568 domus

380 1603 419 1663 Et
440 1601 610 1665 restitutae
632 1603 702 1664 sola
722 1602 855 1683 pietatis
875 1604 955 1665 lues.

377 1827 449 1889 Hoo
468 1779 606 1889 foedus?
627 1736 726 1888 Ha{ot
736 1741 922 1906 psatrgtrpgia'
943 1826 1025 1887 haee
1045 1825 1133 1907 pacti
1154 1824 1254 1901 fides?

378 1925 450 1986 Non
472 1929 523 1987 est
543 1924 623 1987 mihi
643 1924 788 2006 pollicita
808 1944 843 1986 se
864 1924 965 1985 talem
985 1943 1083 2000 soror,

297 2043 349 2082 1080
378 2021 526 2085 Pollicita
547 2025 693 2098 nonest,
717 2041 789 2083 oum
811 2020 1005 2084 Caledoniae
1026 2021 1112 2084 mala

378 2122 419 2183 Et
440 2125 551 2184 nostra
571 2121 734 2202 quondam
758 2121 827 2182 visa
848 2120 992 2183 miserari
1015 2121 1106 2183 dedit

371 2221 542 2283 ‘Promissa
563 2220 659 2283 simul
680 2224 714 2281 et
735 2219 852 2300 pignus
873 2222 1020 2280 auratum
1042 2238 1120 2281 suae

379 2318 470 2382 Fidei
491 2321 590 2398 atque
611 2318 730 2379 amoris
751 2318 898 2378 nuntium
922 2319 956 2378 et
976 2316 1063 2396 cepit
1082 2317 1148 2377 mei

380 2417 564 2479 Adamanta
585 2404 690 2477 cordis
712 2420 869 2477 mutuum.
911 2415 1085 2494 Nunquam
1107 2413 1239 2494 quidem

299 2537 351 2582 roes
380 2516 491 2578 isthuc
512 2514 648 2577 eandem
669 2513 819 2594 progredi
838 2512 963 2573 fueram
984 2516 1067 2589 rata,

379 2615 423 2675 Vt
444 2618 531 2677 sorte
553 2612 650 2675 simili
671 2611 801 2691 generis
822 2614 856 2671 et
877 2609 996 2689 soeptri
1017 2609 1080 2672 sibi

382 2714 530 2774 lunatam
550 2730 666 2773 necaro
687 2710 797 2785 vellet,
820 2712 854 2769 et
873 2708 937 2770 reri
957 2711 1067 2769 tamen

382 2812 430 2873 Ex
451 2830 516 2890 quo
537 2809 618 2871 meis
640 2826 778 2871 excussa
797 2805 890 2887 potui
913 2805 1039 2867 finibus.

380 2910 452 2971 Non
473 2908 521 2971 sic
540 2909 687 2987 fugatum
708 2906 797 2984 regia
816 2902 994 2966 Henrioum
1015 2922 1074 2964 sua

301 3032 354 3071 10⁹0
380 3010 420 3071 In
441 3006 568 3071 Scotioa
588 3025 729 3087 proavus
750 3024 827 3066 arva
847 3002 991 3083 suscepit
1012 3020 1112 3063 meus,

381 3110 435 3186 At,
457 3104 640 3187 optimates
662 3103 784 3183 gratias
805 3101 896 3163 vobis
917 3119 986 3180 ago,

382 3205 444 3283 Qui
465 3203 632 3280 nuntiatis
653 3201 741 3282 quod
762 3202 877 3262 timere
899 3198 1005 3273 debui,

381 3305 454 3367 Non
474 3304 601 3381 fugere;
623 3302 733 3381 grates
753 3297 873 3361 arbitro
894 3316 1002 3359 rerum
1024 3295 1092 3356 Deo

386 3404 565 3480 precesque
587 3398 691 3461 solvo:
713 3396 841 3460 fortiter
861 3394 951 3457 dabit
965 3394 1047 3456 liaeo
1060 3392 1128 3473 pati

303 3525 355 3563 1095
384 3503 489 3579 Quam
509 3497 644 3561 tradidit
664 3496 783 3560 sororis
803 3494 837 3556 in
857 3493 1047 3575 potentiam.

383 3599 531 3664 Praelusi
552 3597 674 3660 amicae
697 3594 863 3657 mensibus
883 3591 981 3655 morti
1002 3590 1115 3665 tribus,
