2792 4200
241 180 284 242 28
538 180 732 235 ROVLERIVS,
749 181 905 223 STVARTA.
933 181 966 222 H.

350 348 506 412 Visuntor
526 354 662 429 actaque
683 350 880 430 tabulaeque
901 351 1060 431 publicae,

350 448 521 529 Descripta
541 453 637 529 pacto
658 448 790 510 nomina
811 454 979 511 auctorum
999 449 1098 529 leges,

350 544 413 608 Vbi
434 546 572 626 quisque
593 549 697 609 testes
719 546 843 608 addidit
863 545 984 625 scripto
1005 566 1132 609 manus.

680 680 820 742 Amias.

281 807 322 848 sao
351 787 396 849 At
417 806 473 848 cur
493 787 659 850 Hauartus
680 806 753 849 arce
773 787 921 850 Londiua
941 787 1051 868 perit?

672 923 839 984 Stuarta.

350 1026 387 1089 Si
409 1028 488 1105 iure,
511 1027 632 1089 vindex
653 1027 768 1090 doceat
789 1027 963 1108 aliquando
986 1028 1082 1089 Deus,

680 1162 819 1225 Amias.

348 1269 405 1332 Ius
428 1271 499 1332 vult
517 1268 634 1344 necari,
655 1268 780 1350 patrios
801 1272 961 1348 quotquot
981 1273 1104 1348 negant

349 1367 446 1430 Ritus
468 1372 502 1430 et
522 1369 644 1430 abeunt
665 1368 698 1429 in
719 1367 884 1429 maritales
905 1371 993 1429 toros

248 1480 322 1534 [urb]
352 1465 433 1528 Cum
454 1466 613 1546 perduelli
634 1465 751 1545 cuique
772 1462 884 1544 religio
905 1485 965 1527 sua
986 1469 1045 1528 est.

665 1599 834 1661 Stuarta.

203 1739 205 1743 ν
280 1726 321 1768 aar
348 1705 430 1768 Sum
450 1705 628 1787 perduellis
649 1710 683 1766 et
704 1705 769 1767 mei
790 1705 872 1768 ritus
893 1709 978 1785 ego‘?

678 1839 822 1902 Amias.

347 1947 470 2026 Papam
490 1928 642 2008 Latinum
663 1945 820 2026 sequeris.

669 2081 842 2145 Stuarta.

848 2188 889 2250 Et
909 2188 1013 2250 fateor
1033 2186 1136 2267 sequi.

677 2294 818 2358 Amias,

347 2401 483 2464 Diversa
504 2401 623 2464 nostris
644 2402 715 2464 iura
736 2402 895 2465 scelerate
917 2402 1019 2464 foves,

667 2536 840 2599 Stuarta.

345 2642 478 2705 Manere
498 2642 570 2705 laus
592 2646 643 2705 cst
663 2642 698 2703 in
718 2642 863 2722 priorum
883 2641 1053 2721 dogmatis.

673 2776 823 2839 AmiaS.

345 2882 574 2963 Quoscumque
596 2883 637 2945 ab
657 2884 726 2945 alta
745 2886 838 2963 parte
858 2882 1002 2963 glacialis
1022 2886 1089 2967 poli

273 2999 316 3041 cao
344 2981 487 3061 Populos
507 2983 618 3042 tuetur
638 2985 745 3043 arctos
767 2985 800 3042 ot
821 2982 943 3044 classes
963 2982 1039 3063 agit,

345 3078 483 3159 Flagitia
504 3079 600 3158 vulgo
622 3098 705 3159 quae
727 3078 897 3159 patravisti
917 3080 1038 3159 legunt.

344 3177 391 3239 Te
412 3176 598 3239 continente
620 3195 719 3257 regna
741 3177 824 3257 quod
848 3177 956 3257 probri
976 3198 1079 3258 genus

343 3274 415 3337 Non
438 3274 520 3337 vidit
541 3276 637 3337 exlex
658 3276 785 3355 patria?

665 3391 833 3453 Stuarta.

825 3496 1035 3579 Quocumque
1057 3518 1173 3579 arguor

343 3596 385 3658 Et
406 3617 447 3659 ex
468 3595 550 3659 libro
572 3595 799 3676 quodcumque
822 3596 945 3659 lamoso
967 3598 1076 3660 obicis
