2792 4200
253 203 295 266 64
551 197 748 251 novnnarvs,
764 197 921 240 srvanrr.
938 198 967 239 v.

365 371 502 433 Sanctae
521 368 668 450 pudicae,
691 389 823 449 quaeso,
843 368 1008 450 reliquias,
1030 371 1078 432 uti

363 467 430 548 Nos
452 465 618 544 exuamus,
641 468 746 549 spolia
765 466 939 530 reddamus
961 467 1029 531 tibi.

689 603 838 665 Amias

364 707 469 782 Exite,
492 708 579 789 quod
600 729 659 772 nos
680 709 815 790 agimuS,
837 709 1037 774 adhibendas
1058 716 1164 792 negat.

612 844 757 907 Puella
778 846 917 924 prima.

286 972 338 1012 nro
366 950 393 1013 O
416 951 553 1014 Cerbere
575 953 748 1032 implacate
770 956 804 1014 et
823 951 973 1014 immanis
994 952 1130 1030 Charon,

364 1048 424 1111 Vel
444 1049 478 1112 in
500 1050 637 1112 cadaver
657 1049 806 1114 saevies?
827 1050 978 1112 Nondum
1000 1056 1092 1114 satur

364 1147 424 1210 Est
443 1148 539 1228 longa
559 1148 690 1212 rabies?
710 1149 848 1212 Praeses
869 1168 888 1211 ο
910 1154 1054 1212 maestae
1075 1149 1200 1228 domuc,

272 1270 276 1276 ·
368 1245 442 1323 Vae,
464 1265 523 1308 vae
545 1246 617 1309 tibi!
642 1248 711 1309 Vae
733 1247 881 1327 quisquis
901 1249 983 1310 haee
1004 1248 1086 1311 alius
1107 1248 1185 1312 fecit

364 1343 405 1404 Et
425 1344 583 1406 intuetur!
606 1345 673 1407 Vae
695 1345 764 1423 tibi,
786 1345 884 1407 tellus
904 1339 1033 1427 parona,

287 1462 339 1501 152⁵
368 1441 410 1503 Et
429 1443 563 1523 patriae,
586 1463 811 1524 quaecumque
831 1464 896 1506 non
918 1443 1092 1522 ulciscitur,

283 1556 339 1607 ran]
368 1539 542 1620 Vobisque,
564 1561 666 1620 regeS,
692 1542 762 1604 sive
784 1540 990 1622 parricidium

365 1638 438 1700 Non
458 1637 652 1719 impediistis
673 1640 743 1701 sive
764 1643 936 1720 patratum·
948 1640 1055 1702 scelus

366 1737 504 1816 Impune
524 1737 631 1799 sinitis
651 1737 777 1816 regium
798 1737 889 1800 obliti
910 1737 1010 1800 decus

365 1833 407 1896 Et
428 1833 615 1913 religionem
637 1834 798 1916 perditam
819 1836 880 1897 sub
900 1835 1030 1898 cardine

289 1953 341 1991 1530
370 1931 523 1995 Glacialis
545 1953 647 2010 ursae,
669 1952 744 1994 cum
762 1952 860 2012 snpra
881 1953 1015 2013 magnos
1035 1934 1123 1995 inror

369 2029 552 2093 Elizabetae
572 2032 719 2113 gentium
741 2030 884 2121 exsultet
905 2031 1020 2094 dueesl

602 2184 739 2245 Puella
759 2182 937 2245 secunda.

368 2292 541 2372 Nunquam
563 2290 705 2353 dolorem
728 2289 848 2352 credidi
870 2295 997 2353 tanturn
1019 2290 1139 2367 adfore,

367 2390 411 2451 Vt
432 2392 599 2453 efferatam
621 2393 697 2469 post
719 2388 926 2452 Caledoniam
947 2389 1033 2469 fuga,
1095 2456 1099 2466 ,

368 2487 573 2568 Captivitatis
593 2491 669 2568 post
689 2487 808 2567 fugam,
831 2487 937 2549 exsilii
958 2487 1088 2563 malum,

275 2607 341 2663 ἰωῇ
370 2587 450 2648 Post
470 2586 661 2649 servitutem
683 2605 792 2649 carcer
813 2589 846 2647 et
866 2586 1002 2664 languor
1020 2586 1137 2665 gravia,

368 2685 448 2746 Post
468 2702 629 2746 carcerem
649 2684 802 2763 languore
824 2683 1024 2745 cumulatum
1043 2684 1135 2763 gravi

369 2783 566 2862 Sequeretur
587 2786 660 2844 actu
683 2782 793 2845 caedis
814 2786 960 2845 extremo
980 2781 1085 2863 pudor

368 2881 410 2947 Et
431 2880 554 2943 funeris
574 2880 715 2943 ludibria
735 2880 857 2942 deserti
878 2900 994 2943 canum

269 3030 278 3045 ,
368 2979 493 3043 Rabido
515 2979 622 3042 furori.
665 2977 803 3041 Gravius
825 2982 858 3040 et
878 2977 1041 3049 Macolmii

290 3100 342 3139 1540
370 3079 412 3139 Et
432 3076 597 3140 Gnilielmi
617 3076 801 3158 principum
821 3076 915 3138 timui
936 3075 1017 3137 nihil

368 3176 573 3257 Captivitate,
595 3175 686 3256 peior
707 3179 843 3238 eventus
865 3177 955 3235 metu

370 3275 429 3337 Fst
450 3277 484 3337 et
504 3275 619 3335 timore
640 3272 746 3336 maius
765 3272 986 3335 infortunium.

615 3409 760 3471 Puella
780 3408 920 3489 prima.

368 3491 414 3579 At
434 3517 578 3579 membra
599 3517 695 3579 busto
717 3516 790 3597 quis
811 3514 969 3596 parentali
988 3515 1102 3595 teget?

367 3618 468 3678 Artus
489 3617 635 3677 sacratae
656 3614 783 3677 nobiles
803 3612 955 3675 heroides
