2792 4200
469 223 665 280 ROVLERIVS,
685 225 842 268 s'rvuRTA.
1149 228 1169 288 7

268 383 456 458 custoditur.
502 395 532 456 Α
557 394 703 457 Moravio
731 394 894 476 parricidii
922 399 1109 458 accusatam
1134 400 1171 458 et
1225 399 1232 414 ⁸

268 495 437 556 absentem
458 492 605 556 defendit
626 492 820 556 Amiltonus.
856 493 1023 556 Hauartus
1042 492 1167 556 Norfol·

269 592 338 654 cine
359 590 426 654 dux
444 592 474 652 in
489 611 562 654 arce
583 590 782 654 Londinensi
803 591 910 672 capite
931 592 1087 672 plectitur
1100 611 1168 654 sus·

267 693 382 770 pectus
402 689 568 768 religionis
589 688 768 752 catholicae
783 692 818 751 et
838 688 962 769 captati
982 688 1169 752 dominatus

223 810 236 850 n
266 808 326 869 per
350 787 523 851 conubium
548 786 671 849 Mariae
699 786 861 863 Stuartae‚
889 787 923 849 in
949 787 1041 850 cuius
1061 787 1168 850 condi-

267 887 377 949 ciones
393 906 468 949 euru
484 885 709 961 fraudulenter
723 885 898 966 impulerat
906 885 1086 963 Moravius;
1103 905 1168 966 quo

265 984 400 1047 taudem
423 982 609 1064 sclopetarii
628 983 775 1046 fulminis
800 983 868 1046 ictu
896 1003 938 1046 ex
962 983 1089 1046 insidiis
1115 1003 1168 1045 ex-

214 1100 284 1152 [Acu]
307 1082 427 1145 stincto
448 1101 579 1162 operam
598 1081 783 1144 Elizabetoe
803 1082 838 1144 in
857 1081 1038 1162 diripienda
1059 1081 1169 1144 Scotia

269 1183 369 1243 navat
388 1180 567 1241 Mortonus.
608 1179 670 1241 Illa
698 1181 856 1260 capitales
880 1180 1010 1260 reginae
1038 1179 1168 1243 Scotiae

211 1291 236 1329 10
269 1277 426 1353 inimicos
448 1281 662 1355 accusatores
685 1281 798 1354 testes,
812 1278 937 1340 iudices
951 1278 1089 1357 delegat,
1112 1277 1167 1359 qui

268 1375 309 1437 de
331 1374 401 1438 eius
423 1375 555 1438 crimine
577 1375 750 1456 inquirant.
785 1377 943 1440 Examine
963 1377 999 1438 in
1019 1394 1092 1438 arce
1111 1376 1167 1438 Fo-

268 1472 432 1554 dringaiae
469 1477 600 1554 peracto
639 1478 673 1537 et
708 1475 899 1555 interceptis
931 1495 992 1555 per
1025 1474 1167 1554 Valsiga·

266 1591 345 1634 num
366 1593 386 1634 a
406 1572 565 1651 Morgano
586 1573 789 1653 Pagetioque
810 1572 851 1635 ad
873 1572 1092 1635 Babintonum
1113 1572 1166 1634 ali·

267 1690 368 1751 osque
392 1670 512 1733 litteris
542 1691 640 1751 super
664 1671 857 1734 liberatione
881 1671 1003 1733 Mariae
1025 1671 1167 1750 reginae,

267 1788 349 1849 quas
370 1767 548 1832 Giffordius
574 1769 760 1849 explorator
779 1769 911 1831 Lutetia
936 1769 1066 1845 tulerat,
1094 1788 1166 1848 sup·

266 1867 362 1947 plicio
385 1871 532 1930 extremo
553 1866 878 1930 animadvertendum
899 1867 933 1928 in
955 1887 1027 1930 eam
1047 1865 1165 1928 iudica·

266 1968 328 2028 tur.
359 1964 528 2028 Elizabeta
540 1965 612 2027 visa
632 1964 695 2027 sibi
714 1965 842 2045 pridem
862 1963 896 2027 in
917 1965 1039 2027 somnis
1054 1965 1167 2026 statim

269 2066 344 2143 post
384 2066 521 2144 agnatae
563 2063 701 2143 caedem
731 2063 837 2145 capite
872 2063 1024 2140 truncari,
1065 2062 1166 2125 latam

266 2170 376 2223 tamon
397 2163 432 2223 in
453 2182 525 2224 eam
547 2162 663 2243 capitis
684 2162 883 2225 sententiam
896 2162 1054 2241 vigesimo
1069 2162 1165 2241 capti·

267 2259 379 2321 vitatis
400 2280 485 2322 auno
506 2260 645 2341 publicis
666 2259 783 2323 edictis
803 2261 970 2341 approbat.

307 2354 475 2437 Supremis
489 2358 611 2420 funesti
625 2357 734 2421 iudicii
751 2358 833 2422 actis
845 2358 880 2419 in
897 2355 1083 2437 tragoediae
1104 2358 1165 2420 for·

266 2474 353 2517 mam
378 2454 567 2536 compositis
591 2460 667 2518 actu
687 2456 791 2537 primo
813 2456 992 2518 Henriourn
1012 2455 1102 2518 VIII.
1124 2458 1165 2517 ab

264 2552 378 2615 inferis
403 2554 607 2617 evenientem
630 2574 704 2617 sese
725 2555 800 2635 plus
821 2555 979 2616 malorum
1000 2573 1098 2635 quam
1118 2574 1163 2615 re·

264 2650 371 2731 liquos
384 2657 541 2715 nocentes
555 2652 672 2716 fecisse
690 2653 724 2714 in
740 2673 804 2714 una
817 2652 1002 2714 Illizabetae
1016 2652 1166 2731 genitura

222 2762 234 2800 ⁵
266 2749 386 2812 taedet.
428 2749 491 2827 Qui
520 2750 677 2832 palatium
710 2755 743 2813 et
772 2750 957 2813 schismatis
982 2750 1165 2829 incestique

265 2847 316 2908 sui
336 2848 475 2927 vestigia
495 2852 668 2929 aspectans
689 2852 782 2910 tanto
801 2849 1009 2928 perturbatur
1023 2847 1164 2924 horrore,

265 2946 437 3022 uteorum,
459 2946 577 3026 quibus
591 2947 732 3027 primum
748 2966 785 3008 se
800 2950 975 3026 comparat,
996 2945 1163 3008 nominum

264 3041 411 3105 ordinem
432 3044 617 3107 confundat.
663 3042 811 3124 Vortiger
826 3044 913 3106 enim
928 3042 1164 3120 Constantium,

253 3140 455 3204 =Donualdus
483 3142 629 3205 Duffum:
655 3163 720 3231 non
742 3142 876 3204 Duffum
896 3141 1058 3221 Vortiger,
1085 3141 1164 3204 Con-

265 3239 422 3301 stantium
438 3239 629 3303 Donualdus
645 3240 829 3322 trucIdavit.
851 3240 988 3301 Interim
998 3240 1165 3302 ElIzabeta

264 3358 338 3399 cum
359 3337 526 3401 Dudelaeo
547 3358 607 3401 suo
627 3338 788 3401 deliberat
809 3342 845 3400 et
864 3358 941 3400 mox
959 3337 1108 3400 Bealium
1122 3335 1164 3399 ad

266 3435 419 3498 comitem
457 3436 679 3500 Sarsbericum
720 3441 912 3516 ceterosque
947 3436 1050 3499 mittit
1089 3455 1163 3498 oum

263 3533 391 3606 utteris,
420 3535 540 3615 quibus
566 3538 674 3597 totum
701 3534 750 3597 eis
769 3533 920 3597 sumendi
940 3533 1091 3615 supplicii
1110 3553 1163 3595 ne·

262 3632 388 3712 gotium
415 3633 597 3695 committit.
636 3633 719 3695 Post
739 3633 822 3695 haec
845 3632 1009 3694 sententia
1034 3630 1164 3711 publico
