2792 4200
426 208 620 263 ROVLERIVS,
636 209 793 253 STVARTA.
822 212 855 254 II.

237 378 404 442 Adhibere
425 379 516 442 falsis
536 380 571 442 in
591 379 662 444 dies
682 386 810 461 perstas
832 382 943 446 fidem:

238 476 384 539 Primum
404 477 581 559 imperasse
603 479 748 559 coniugis
768 485 915 559 mortem,
937 483 1034 545 modo

239 574 397 638 Tentasse
418 581 582 657 sceptrum
604 577 743 640 subdere
764 579 943 658 Anglorum
964 579 1080 658 Sectis

173 696 212 736 ur
239 673 320 735 Post
340 674 502 738 excitasse
524 673 724 738 Christianos
745 676 908 757 principes

237 771 278 832 ln
298 771 478 835 ultionem?
499 772 589 835 Neve
611 794 676 835 non
698 794 826 854 sperem
847 779 984 838 necem?

239 867 325 945 Quid
345 889 410 932 non
432 890 505 933 eam
526 871 717 952 portendit?
738 873 782 934 Et
801 872 871 934 dire
890 893 986 936 cruce

137 977 209 1032 [Dra]
237 967 325 1028 Ante
347 986 403 1030 cra
422 988 526 1049 nuper
546 974 657 1031 nostra
677 970 826 1032 sublatus
846 970 909 1032 fuit

238 1063 331 1126 Fidei
352 1067 518 1146 professus
539 1067 656 1147 dogma
676 1067 843 1130 Romanae
865 1069 991 1130 Scotus.

171 1191 211 1231 ιω
279 1164 373 1240 Quod
394 1165 420 1227 si
443 1165 540 1226 fidem
561 1185 691 1228 servare
713 1165 860 1229 Romano
881 1167 992 1229 datam

239 1262 354 1326 Scelus
376 1265 427 1324 est
446 1263 574 1343 parenti
595 1268 629 1325 et
650 1263 732 1326 scita
752 1265 869 1326 sectari
891 1269 1019 1345 patrum

240 1361 395 1423 Veterum
415 1381 477 1423 nec
497 1362 585 1424 aliud
607 1363 726 1424 crimen
749 1362 783 1423 in
804 1364 919 1426 vinclis
940 1367 1040 1439 tenet,

239 1458 328 1520 Nihil
348 1460 497 1522 morabor
518 1479 692 1536 carcerem,x
709 1480 816 1540 neque
837 1461 865 1523 si
886 1480 997 1542 parem

239 1557 329 1620 Sexu
349 1561 503 1638 statuque
524 1562 559 1620 et
578 1579 697 1638 genere
718 1559 898 1639 praecipias
918 1560 1000 1621 mori

175 1683 214 1722 os
240 1654 308 1718 Soli
328 1655 485 1719 Tonantis
506 1656 670 1719 subditam
690 1656 822 1719 arbitrio
843 1661 962 1719 tamen.

551 1790 733 1853 Medicus

240 1886 350 1964 Heroi,
371 1901 540 1964 memoras,
563 1908 646 1968 quae
667 1887 748 1950 mihi
768 1892 911 1950 mentem
933 1893 1074 1966 movent,

241 1985 330 2062 Quae
351 2004 449 2066 passa
469 1985 523 2061 sis
545 2006 628 2066 quae
651 1991 786 2067 experta
805 1994 882 2067 post
902 1987 1093 2049 saevissima

240 2081 332 2147 Lecti
352 2083 469 2163 iugalis
490 2083 589 2147 caede
610 2085 753 2166 pollutas
774 2085 870 2147 faces.

239 2182 304 2244 Sed
325 2183 590 2263 conquerendum
611 2184 721 2264 potius
744 2201 860 2244 arcana
882 2181 986 2256 domo,

176 2296 215 2335 460
239 2279 315 2342 Sive
337 2280 439 2359 magis
461 2280 627 2361 indulgere
649 2280 787 2343 maerori
808 2279 907 2341 iuvat.

238 2377 382 2440 Remitte
404 2384 549 2458 questus
570 2378 647 2440 falle
669 2375 830 2458 colloquio
851 2381 942 2439 tuam

239 2475 316 2539 Sine
338 2495 417 2538 voce
440 2496 558 2552 curam,
580 2496 621 2537 ne
643 2476 721 2556 quid
743 2475 783 2538 ad
807 2477 956 2537 morbum
976 2474 1078 2537 adice.

557 2609 725 2671 Stuarta.

238 2707 323 2784 Quid
344 2728 397 2769 me
418 2708 452 2770 in
474 2707 605 2771 domum
626 2707 674 2771 sic
694 2708 801 2770 socius
822 2726 972 2769 arcanam
992 2705 1115 2767 vocas?

238 2806 358 2869 Ablata
379 2812 456 2869 sunt
477 2813 511 2870 et
532 2808 601 2869 auri
623 2812 657 2869 et
677 2806 804 2886 argenti
825 2805 933 2867 omnia

170 2928 212 2968 rer
240 2903 357 2967 Infecti
378 2905 420 2967 ad
441 2924 520 2968 usus
541 2911 639 2985 atque
661 2906 754 2967 facti:
776 2904 908 2966 vascula

238 3002 412 3083 Decusque
437 3002 519 3065 collo
540 3002 659 3080 circuli,
681 3021 830 3082 gemmae
851 3020 966 3080 graves

239 3099 399 3181 Bacisque
420 3120 506 3163 nexa
528 3100 679 3163 mollibus
701 3099 833 3161 monilia

238 3197 279 3259 Et
299 3198 503 3261 brachiorum
524 3198 658 3279 pignora
680 3203 714 3260 et
734 3217 889 3260 manuum
909 3196 1007 3258 anuli.

239 3295 460 3377 Epistularum
481 3297 597 3359 deinde
619 3296 774 3372 fasciculi,
797 3295 946 3371 schedae,

167 3420 211 3460 uo
239 3396 440 3458 Monimenta
459 3414 566 3457 rerum
588 3394 762 3475 quaelibet,
785 3394 904 3474 scripta
926 3397 959 3455 et
980 3392 1062 3454 libri.

545 3528 732 3592 Medicus,

239 3637 303 3700 Sed
325 3636 451 3714 melius
473 3636 615 3715 heroina,
637 3657 736 3717 quam
757 3638 896 3718 primum
916 3655 1046 3717 precor:
