2792 4200
247 203 289 266 46
537 202 735 258 aovnnmvs,
755 204 912 247 savants.
933 204 976 247 tv.

275 409 327 450 roos
354 388 444 466 Quae
465 387 493 450 si
514 389 626 451 habita
646 388 721 452 laxo
743 409 870 453 carcere
892 394 1034 454 attentet
1055 392 1187 470 malum,

354 486 421 549 Ceu
442 506 516 549 cum
537 487 684 550 caminus
704 506 809 568 nuper
830 486 952 549 exarsit
973 489 1056 563 dolo,

352 585 487 647 Praesto
509 604 582 648 esse
603 586 699 648 iubeo
720 586 841 648 ferrum
862 586 896 647 in
918 591 1056 649 eventus
1077 589 1172 668 fugae

352 681 474 746 Omnes
496 687 530 745 et
550 683 654 764 ipsam
675 683 809 764 cuspide
830 681 967 746 adversa
988 683 1063 746 fodi.

672 825 829 888 Chorus

352 932 437 1010 Quid
458 935 536 1014 agis
558 932 721 997 sceleste?
741 932 856 995 Nonne
877 932 1053 995 vindictam
1074 932 1165 1003 vides

270 1053 323 1093 1010
350 1033 497 1096 Pendere
520 1031 630 1094 caelo?
651 1030 721 1093 Nec
741 1031 801 1095 tibi
823 1034 875 1093 est
894 1051 1018 1112 poenae
1039 1029 1127 1107 satis,

349 1129 442 1208 Quod
463 1130 599 1210 Anglico
621 1129 782 1192 servimus
802 1134 972 1192 aeternum
993 1129 1086 1191 solo?

348 1229 417 1292 Nec
436 1233 483 1304 tu,
504 1233 607 1310 pater,
628 1231 675 1306 tu,
697 1228 790 1290 cuius
811 1247 985 1290 excussum
1006 1247 1104 1290 manu

347 1327 500 1390 Metuant
521 1327 646 1408 profani
666 1327 790 1388 fulmen
812 1325 934 1388 inimici
954 1325 1129 1402 horridum,

347 1423 410 1501 Qui
431 1424 533 1488 densa
554 1425 650 1506 pellis
670 1425 782 1487 nubila
802 1426 837 1486 et
857 1423 1014 1486 mundum
1034 1423 1129 1504 regis²

268 1543 321 1582 1⁰15
348 1522 456 1586 Iratus
476 1524 558 1585 haec
578 1523 711 1585 servitia
731 1543 792 1584 nec
811 1520 918 1584 iustus
939 1521 1054 1584 vides‘?

345 1621 428 1683 Nam
449 1621 579 1702 quando
600 1622 667 1682 tela
687 1621 799 1682 nubilo
821 1618 952 1682 emittes
973 1620 1047 1700 polo

344 1719 413 1781 Aut
433 1739 515 1801 quos
536 1719 570 1780 in
590 1738 669 1781 usus
690 1719 821 1780 flamma
841 1723 990 1780 servatur
1010 1738 1119 1795 vorax,

344 1816 381 1878 Si
400 1837 487 1879 nunc
507 1836 658 1879 serenum
680 1819 752 1878 est‘?
774 1817 897 1878 Dextra
917 1836 982 1893 cur,
1003 1817 1139 1896 genitor,
1161 1820 1220 1877 tua

344 1915 543 1978 Cunctatur‘?
564 1915 656 1978 Adeo
677 1915 785 1997 capita
805 1935 976 1977 saevorum
996 1914 1162 1995 hospitum

264 2034 316 2073 roro
343 2014 483 2077 Abolere
505 2033 614 2076 cessas
635 2013 710 2093 igne
731 2013 874 2089 caelesti,
896 2018 989 2094 pater

342 2112 536 2193 Vindexque
557 2116 693 2193 regum?
716 2112 843 2192 Quique
864 2112 1004 2175 terrifico
1025 2112 1103 2174 feris

342 2212 486 2274 Innocua
506 2211 626 2275 totiens
646 2212 777 2293 rupium
797 2210 944 2274 albarum
964 2211 1048 2291 iuga,

244 2325 316 2377 [orb]
345 2310 414 2373 Hos
435 2310 544 2391 potius
564 2309 673 2391 apices
694 2310 918 2373 vindicaturus
938 2312 1028 2391 pete!

340 2407 485 2471 Ioculare
505 2408 616 2489 piceos
636 2408 778 2471 flammei
800 2408 928 2470 incendi
948 2408 1060 2487 globos

261 2526 314 2567 102⁶
341 2506 383 2568 nt
403 2510 495 2586 parte
517 2507 558 2568 ab
579 2506 667 2568 omni
688 2507 824 2569 nubium
845 2506 946 2568 iratus
966 2513 1044 2567 tona

340 2602 383 2665 Et
402 2622 518 2684 sparge
539 2603 660 2683 fulgur!
682 2604 806 2685 Sparge
828 2623 892 2683 qua
912 2602 1018 2682 polles
1039 2600 1141 2680 magis

339 2700 438 2763 Manu
459 2704 633 2781 potesque:
654 2702 788 2763 noxium
809 2701 907 2763 feries
926 2702 1033 2779 caput,

339 2799 572 2879 Quodcumque
594 2798 702 2875 feries,
724 2798 870 2878 impium,
892 2797 1006 2876 dirum,
1028 2802 1105 2860 tuae

338 2896 509 2960 Potentiae
530 2896 678 2977 tantique
700 2916 850 2959 securum
870 2897 981 2977 patris

258 3015 312 3057 roro
338 2996 381 3058 Et
400 3017 461 3059 nos
481 3014 611 3076 quoque
632 2993 730 3076 ipsas,
752 2994 781 3056 si
802 3015 897 3058 secus
917 3015 982 3058 non
1003 2995 1130 3072 asseris,

336 3092 409 3156 Vna
429 3084 521 3157 ruina
542 3092 670 3157 involve
691 3093 810 3155 saltem
830 3094 958 3171 liberae,

337 3191 474 3269 Qualem
495 3198 587 3255 tuum
609 3192 767 3255 Samsona
787 3192 995 3275 blasphemis,
1017 3192 1115 3267 Deus

337 3290 434 3355 Obire
455 3311 566 3354 casum
588 3311 661 3354 cum
681 3291 849 3354 Philisteis
870 3292 971 3354 iubes.

661 3435 810 3498 Amias.

337 3540 495 3618 Quoniam
516 3540 595 3601 hora
615 3542 708 3604 lusus
728 3542 843 3604 adimit
863 3542 944 3603 haec
965 3561 1077 3605 omnes
1098 3542 1167 3619 tibi,

256 3659 311 3701 ron
337 3637 494 3701 Tollenda
513 3655 627 3699 mensa
649 3644 699 3699 ast
720 3638 793 3715 ista,
815 3657 881 3718 qua
901 3639 947 3701 nil
967 3657 1054 3701 nunc
1074 3659 1165 3721 opus
