2792 4200
582 198 779 255 ROVLERIUS,
800 201 957 245 sTvauTA.

378 365 483 428 edicto
498 369 676 448 approbata
694 370 804 450 prodit
827 374 1063 437 exsultantium
1083 376 1200 439 chorus
1214 376 1276 438 An·
1374 424 1375 429 η

375 463 512 544 glorum.

414 561 529 625 Altero
556 568 631 626 actu
659 565 823 629 Stuartam
851 586 928 630 suas
955 569 1157 633 calamitates
1178 571 1276 635 altius
1375 596 1376 633 1

374 665 474 742 paulo
500 668 704 744 repetentem
729 665 830 727 solam
860 666 983 729 solatur
1014 668 1103 730 solus
1129 670 1278 732 medicus

330 777 342 816 ⁵
376 781 469 840 suus,
488 762 619 842 indigne
634 762 788 824 molestat
800 764 926 840 Amias3
943 766 1149 845 captivorum
1163 766 1279 828 chorus

375 860 532 924 iuvenum
554 864 588 922 et
607 860 789 941 puellarum
809 860 896 923 mala
916 860 1046 926 Scotiae
1066 863 1277 942 religionibus
1376 908 1377 915 1

374 959 531 1039 neglectis
552 965 719 1038 comparat
738 959 861 1021 veteris
882 959 1023 1022 Iudaeae
1045 961 1147 1024 malis.

416 1059 518 1119 Actus
532 1055 648 1118 tertius
662 1057 809 1118 continet
830 1058 1067 1137 expositionem
1081 1059 1227 1122 intentae
1240 1059 1275 1121 in

340 1177 408 1227 [aaa]
441 1155 605 1218 Stuartam
620 1157 623 1228 Ι
636 1154 784 1218 fallaciae
799 1177 857 1237 per
872 1156 1065 1219 Giffordium
1086 1158 1274 1235 delatorem,

318 1279 342 1317 ιο
375 1253 431 1336 qui
459 1253 585 1315 litteras
614 1253 654 1316 ad
683 1254 834 1317 factionis
861 1256 969 1334 regiae
997 1255 1145 1318 homines
1171 1259 1205 1318 et
1229 1277 1275 1318 re·
1377 1270 1378 1279 ’

376 1371 496 1434 sponsa
517 1351 713 1431 resignanda
733 1352 906 1432 Valsigano
937 1358 970 1416 et
990 1354 1062 1416 aliis
1082 1353 1274 1434 prodiderit:

377 1451 529 1514 Stuartae
550 1450 664 1512 famuli
678 1451 772 1531 quasi
791 1451 1021 1514 coniurationis
1042 1452 1216 1533 participes
1229 1450 1274 1514 in-

376 1554 428 1611 ter
443 1549 627 1637 venandum
642 1549 876 1630 comprehensi,
892 1553 927 1612 et
940 1550 1039 1630 legati
1055 1551 1096 1613 ad
1108 1551 1274 1615 Stuartam

376 1647 566 1711 Buccartius
594 1651 626 1709 et
655 1646 786 1710 Bealius
814 1648 949 1710 nuntius
980 1647 1021 1710 ad
1052 1648 1274 1711 Sarsbericum

318 1769 342 1808 11
376 1766 447 1808 cum
459 1745 701 1822 haeresiarchis,
710 1746 766 1827 qui
774 1745 929 1809 adessent
937 1747 1273 1827 morituraeLongam

375 1845 599 1925 captivitatem
620 1844 766 1925 queritur
787 1845 912 1908 chorus.

413 1944 499 2006 Actu
521 1947 636 2023 quarto
658 1943 812 2006 detractis
833 1944 962 2024 reginae
983 1943 1163 2023 insignibus
1189 1963 1270 2006 com·

374 2040 507 2104 missam
542 2041 602 2106 sibi
636 2042 770 2105 caedem
801 2042 945 2105 declarat
975 2041 1180 2105 Sarsbericus
1212 2061 1273 2123 per

371 2141 500 2204 litteras
523 2161 542 2203 a
557 2141 669 2204 Bealio
683 2141 776 2204 latas.
816 2140 950 2204 Stuarta
969 2141 1130 2204 eiulantes
1148 2140 1275 2222 puellas

315 2261 342 2298 ao
374 2239 581 2302 tolerantiam
602 2260 688 2301 nunc
710 2239 805 2302 docet
831 2244 869 2302 ut
890 2240 994 2302 multa
1014 2237 1095 2302 alias
1115 2242 1276 2321 perpetua

373 2337 577 2418 undeviginti
602 2358 761 2401 annorum
786 2338 954 2401 servitute.
996 2338 1136 2400 Proinde
1162 2337 1275 2401 desine

357 2434 490 2513 mirari,
512 2435 649 2499 candide
670 2436 781 2513 lector,
803 2437 891 2518 quod
911 2456 968 2500 eas
983 2436 1061 2498 finxi
1074 2434 1274 2498 scientiores.

373 2532 497 2596 Chorus
518 2534 559 2595 de
582 2523 754 2613 regnorum
775 2534 999 2597 vicissitudine
1021 2539 1055 2596 et
1076 2531 1211 2596 ambitu.

402 2632 488 2693 Actu
510 2632 624 2712 quinto
649 2633 816 2713 perficitur
846 2632 1034 2694 mandatum
1058 2631 1266 2712 parricidium

314 2751 339 2788 aa
369 2728 520 2793 modoet
544 2730 670 2806 ordine,
698 2750 797 2811 quem
818 2731 974 2810 scriptum
1000 2730 1113 2792 datum
1133 2728 1273 2792 Londini

372 2830 419 2892 27.
441 2827 550 2890 Martii
573 2830 650 2891 1587
675 2830 909 2910 complectitur.
