2792 4200
222 206 265 274 34
516 206 712 262 ROVLERIVS,
728 207 883 250 STVARTA.
906 207 954 250 111.

265 399 305 440 oro
334 377 424 454 Quae
445 380 499 440 sat
518 377 677 440 malorum
696 377 913 441 machinatrix
934 379 1112 441 facinorum

331 475 408 537 Fuit
428 475 461 538 in
482 475 608 538 ruinam
629 497 734 558 nuper
754 481 789 538 et
810 477 935 540 cladem
956 477 1094 557 Angliae

331 573 506 656 Nostrique
527 575 610 638 ritus
631 581 731 656 atque
751 577 869 656 regalis
890 577 1015 639 domus.

207 675 211 690 '
332 672 485 736 Promisit
504 672 586 736 illud
608 693 707 755 opera
728 673 864 736 Giffordi
884 694 1006 751 recens

332 771 509 852 Perspecto
528 773 619 851 regni
641 792 738 852 quem
761 772 851 834 dedit
871 773 969 835 rebus
990 773 1072 836 fides

263 891 304 931 aaa
331 869 408 934 Sive
429 870 608 950 Anglicano
631 871 699 932 sive
724 871 887 934 Celtarum
908 871 986 933 solo.

644 1013 815 1077 Drurius.

330 1120 437 1184 Effare
458 1121 616 1202 quinam?

664 1254 802 1318 Amias.

651 1361 752 1424 Tecta
772 1362 980 1443 profugorum
1001 1364 1087 1427 colit.

330 1459 375 1521 At
396 1463 430 1521 at
451 1460 640 1538 cavendum,
661 1481 704 1522 ne
726 1461 799 1541 quis
820 1480 936 1524 arcana
957 1467 1101 1543 occupet.

644 1613 820 1675 Drurius

334 1711 543 1799 Prosequere.
586 1719 692 1782 Locus
712 1719 766 1781 hic
786 1719 924 1782 arbitros
943 1719 1050 1782 nullos
1071 1722 1179 1784 hebet.

661 1854 801 1915 Amias.

332 1958 433 2021 Cures
453 1959 575 2021 ibidem
597 1959 691 2022 fictus
715 1960 866 2041 exposuit
886 1981 963 2024 suas

263 2077 303 2118 rao
331 2057 372 2121 Et
393 2061 584 2137 ceterorum,
606 2065 768 2140 quotquot
788 2058 875 2122 illius
896 2064 993 2123 notae

330 2156 471 2220 Restant
491 2154 525 2219 in'
546 2158 661 2238 Anglis
682 2165 782 2239 etque
803 2158 936 2221 servitio
957 2158 1087 2221 Scotam

330 2256 440 2336 Longo
462 2258 566 2318 teneri
586 2278 645 2338 pro
667 2258 730 2319 fide
753 2263 787 2319 et
807 2276 906 2338 regno
928 2256 1048 2318 dolent.

329 2353 423 2417 Hanc
443 2374 540 2435 posse
561 2355 679 2432 forsan,
702 2354 731 2418 si
751 2355 824 2435 quis
845 2355 1001 2417 auxilium
1023 2355 1124 2435 daret,

331 2452 416 2514 Tuto
438 2452 592 2533 expediri.
637 2453 723 2529 Quin
743 2454 931 2534 peregrinos
951 2454 998 2515 ait

262 2572 303 2612 rra
331 2551 444 2613 Isthuc
464 2551 638 2615 Britannos
659 2552 795 2615 callidus
816 2572 928 2614 secum
947 2571 1043 2631 pares

234 2666 304 2718 [nra]
333 2648 471 2712 Adicere
493 2669 585 2712 curas
606 2650 705 2731 idque
726 2650 897 2713 consilium
918 2649 1003 2711 datis

330 2747 566 2811 Communicari
586 2748 713 2826 litteris
736 2767 818 2828 quas
839 2768 912 2810 cum
933 2747 1008 2809 dolo

329 2844 449 2908 Elicuit
468 2846 555 2908 idem
576 2846 645 2909 sive
666 2846 813 2926 Morgani
833 2843 971 2927 hospitis

329 2945 518 3025 Pagetiique
540 2944 609 3007 sive
631 2943 802 3007 Glasconis
823 2965 930 3007 manu.

262 3063 301 3103 roo
329 3043 403 3105 Huc
424 3063 496 3105 cum
518 3042 648 3105 tabellis
669 3041 712 3104 ad
732 3043 951 3131 Babintonum
971 3043 1064 3104 redit.

641 3195 817 3258 Drnrius

327 3299 370 3362 Et
390 3308 465 3381 post
485 3302 623 3365 tabellas
643 3302 720 3364 inde
741 3302 883 3382 prolatas
905 3302 983 3382 quid
1004 3306 1079 3364 est‘?

659 3435 799 3498 AmiaS.

328 3542 430 3623 Ipsas‚
451 3542 641 3623 priusquam
662 3563 726 3623 quo
748 3542 844 3605 datae
864 3544 993 3605 fuerant
1014 3548 1101 3621 eunt,

328 3641 396 3705 Nos
416 3642 631 3723 pervidemus.
