2792 4200
215 153 258 216 40
503 151 699 207 Rovnuurvs,
720 151 877 195 STVARTA.
903 145 951 191 111.

596 324 855 388 Buccartius.

328 438 398 500 Tua
419 449 476 501 aut
496 444 624 502 tuorum
646 441 767 521 scripta
787 446 950 505 testantur
970 444 1066 506 satis:

328 537 370 598 Et
390 535 609 617 deprehensas
630 539 673 610 ad
693 559 809 601 manus
831 541 988 622 epistulas

261 655 301 695 ecc
329 634 476 715 Morgani
496 637 654 699 habemus
675 641 709 699 et
730 638 905 701 Babintoni
926 644 960 701 et
980 645 1054 704 tuas

330 734 530 815 Pagetiique,
553 735 646 815 queis
667 737 816 798 alebatur
835 737 952 800 scelus.

643 879 822 943 Stuarta.

330 985 382 1048 lta
403 1006 455 1049 rne
476 987 509 1048 in
531 985 661 1048 sinistra
682 990 769 1049 sorte
791 989 950 1051 caelestes
970 993 1082 1052 ament

331 1083 373 1146 Et
394 1084 457 1161 ille,
480 1086 540 1146 sub
562 1104 626 1164 quo
647 1085 714 1147 tale
736 1085 857 1166 patrari
878 1087 958 1148 nihil

331 1183 468 1263 Impune
490 1183 602 1262 possit,
625 1184 745 1245 arbiter
765 1183 855 1246 fandi
875 1205 1007 1261 memor,

264 1301 305 1340 no
332 1279 459 1342 Memor
479 1281 624 1344 nefandi:
646 1281 737 1343 nulla
757 1280 809 1344 ine
830 1282 928 1345 ullius
949 1283 1015 1346 doli

333 1382 477 1459 Arguere
498 1379 584 1460 potis
606 1382 657 1442 est
678 1381 802 1443 dextra.
844 1380 898 1443 Nil
919 1381 1006 1443 movi
1027 1381 1160 1462 quidem

332 1479 481 1560 anuam
503 1479 537 1540 in
557 1478 697 1542 salutem
719 1482 753 1540 et
772 1497 892 1541 nomen
912 1484 1049 1560 agnatae
1070 1500 1168 1543 soror.

333 1577 369 1640 Si
389 1577 468 1659 quid
488 1577 553 1639 mei
574 1577 742 1658 scripsere,
757 1578 918 1659 captivam
930 1577 986 1640 diu

335 1677 405 1755 Quo
426 1676 584 1738 servitute
605 1676 771 1738 solverent
791 1676 833 1738 ad
852 1675 991 1756 pristina

266 1796 307 1836 erc
335 1775 389 1837 Me
410 1775 481 1836 iura
501 1773 671 1848 libertatis
693 1773 726 1835 id
748 1775 831 1836 clam
853 1794 905 1836 me
926 1774 1005 1851 fuit;

335 1873 542 1952 Rursumque
563 1875 666 1934 testor
686 1892 791 1947 omne,
813 1872 901 1952 quod
924 1876 1073 1935 sanetum
1095 1875 1155 1948 est,
1181 1889 1244 1952 ego

335 1970 476 2058 Verique
496 1989 619 2050 poenas
640 1969 783 2032 criminis
804 1968 897 2032 divos
918 1989 1004 2048 rogo,

337 2069 372 2132 Si
392 2089 445 2132 me
467 2071 636 2150 patrarunt
657 2066 787 2131 conscia
807 2069 981 2149 quiequam
1002 2067 1075 2131 mei.

337 2167 403 2232 Sed
425 2168 510 2231 enirn
532 2168 677 2249 profecto
698 2187 762 2248 quo
783 2166 855 2230 loeo
875 2186 969 2245 reges
989 2167 1105 2242 forent,

240 2283 309 2337 [ura]
339 2266 401 2344 Qui
422 2270 613 2347 cogerentur
633 2269 724 2329 luere
744 2266 939 2328 famulorum
961 2264 1075 2327 dolos?

338 2365 406 2428 Nec
427 2365 549 2445 aliquid
570 2384 667 2427 ausos
688 2364 754 2427 tale
775 2384 836 2426 nee
857 2384 953 2444 posse
975 2364 1121 2427 arbitror.

338 2464 551 2525 Examinandi
563 2482 666 2545 ,porro
689 2462 835 2525 cieantur
855 2463 961 2524 velirn.

666 2615 814 2677 Amias,

339 2714 533 2777 Nocentiurn
555 2718 684 2777 secreta
704 2717 902 2775 tormentum
924 2711 1077 2775 extrahit.

613 2847 873 2911 Buccartius.

341 2958 385 3021 Es
406 2976 502 3039 passa
523 2955 587 3019 dici
608 2955 738 3018 domina
759 2958 942 3018 nostratum
962 2955 1121 3017 hactenus

274 3077 315 3118 eu
343 3057 387 3119 Et
407 3056 558 3132 ambusti,
581 3056 668 3136 quod
689 3055 870 3118 Lodovieus
891 3055 985 3130 solet,

343 3154 436 3231 Quod
457 3156 504 3217 sie
523 3158 557 3217 te
579 3154 704 3217 Alanus
724 3174 798 3215 cum
819 3153 887 3216 suis
908 3153 1082 3215 inscribere

342 3254 453 3335 quue
475 3253 571 3316 titulo
593 3254 663 3314 vult
683 3252 885 3333 frequentari
905 3271 982 3314 suas

343 3351 472 3415 Pridem
493 3372 551 3432 per
572 3353 669 3413 urbes
690 3350 838 3432 pontifex
859 3370 916 3432 pro
937 3353 972 3411 te
993 3367 1116 3429 preces,

656 3484 838 3551 Stuarta.

344 3596 578 3676 Quodcumque
600 3594 640 3655 de
662 3612 714 3653 me
735 3592 851 3654 statuit
873 3590 1036 3653 Ausonius
1057 3590 1160 3669 pater,
