2792 4200
262 220 304 280 32
555 220 750 275 ROVLERIVS,
767 222 922 265 STVARTa.
952 223 985 264 ΙΙ.

371 387 451 450 Fata
472 388 650 452 videntem!

303 506 344 546 000
371 485 434 549 Illa
454 486 596 567 antiquis
618 488 747 568 cognita
767 489 892 566 saeclis,

370 583 462 646 Haec
483 585 568 646 mala
588 585 724 648 nostris:

371 681 434 744 Vbi
454 683 567 763 religio
589 688 715 747 mutata
735 685 822 765 prior

371 779 413 841 Et
434 783 530 844 turba
550 782 653 844 semel
674 781 796 844 credita
818 784 920 847 crevit

371 878 506 942 Inimica
527 880 598 960 piis
620 880 675 942 iila
696 900 840 943 errorum

305 997 345 1035 aa
373 976 494 1039 Sedula
514 977 644 1055 fautrix,
667 998 732 1058 qua
752 980 839 1041 celsa
860 980 936 1042 ferit

199 1061 201 1064 ⁵
371 1075 471 1137 Astra
492 1074 644 1153 caedon,
667 1097 732 1156 qua
752 1077 809 1139 dat
829 1078 954 1140 ratibus

271 1188 341 1240 [uiui
371 1172 489 1252 Anglia
508 1178 630 1254 portus.
672 1175 802 1238 Etenim
822 1177 907 1256 regis

371 1268 439 1331 Nos
459 1271 603 1333 aetherei
623 1271 709 1334 iusta
728 1273 844 1352 fatigat

372 1367 424 1429 Ira
445 1373 618 1446 merentes,
640 1390 713 1432 cum
733 1370 877 1434 Moravio

305 1487 345 1526 000
373 1468 513 1531 Auctore
535 1470 611 1532 mali
632 1472 745 1532 funere
767 1490 872 1533 merso

372 1567 530 1630 Amiltoni
552 1568 680 1630 vindice
702 1569 818 1631 dextra

372 1663 479 1727 Subiit
500 1666 628 1729 Scotiae
649 1667 817 1729 Mortonus
838 1673 945 1730 atrox:

373 1761 442 1839 Quo
463 1783 521 1826 sua
541 1765 660 1827 nostris
682 1766 811 1846 auspice
832 1767 921 1829 misit

372 1861 510 1939 Agmina
530 1862 626 1925 terris
646 1869 744 1944 atque
765 1864 908 1926 latrones

305 1979 345 2016 000
373 1959 481 2038 Angla
503 1960 627 2040 virag03

282 2085 284 2090 ’
372 2056 434 2120 Vbi
455 2078 515 2121 nec
537 2059 621 2122 divis
641 2059 718 2123 iana
738 2065 918 2141 supersunt,

374 2155 434 2229 Vbi
454 2178 516 2220 nec
536 2163 669 2239 superat
689 2179 776 2239 gaza,
797 2178 859 2221 nec
879 2159 936 2220 ulli

372 2255 437 2317 Sua
458 2256 591 2319 delubro
610 2256 715 2337 gratia
735 2258 862 2319 mansit.

372 2353 456 2416 Nam
477 2355 600 2435 templa
620 2355 727 2417 iacent
748 2360 887 2435 aequata
907 2356 976 2419 solo

305 2471 345 2510 aa
372 2451 439 2513 Aut
458 2457 547 2514 stant
569 2472 688 2515 vacuae
709 2453 839 2516 numine
860 2454 962 2516 moles

373 2548 415 2611 Et
435 2550 593 2631 sacrilega
612 2551 697 2613 male
719 2570 798 2613 voce
819 2556 945 2614 sonant.

373 2649 480 2729 Atque
502 2652 538 2709 ut
557 2648 659 2711 cladis
679 2654 810 2712 nostrae
832 2648 957 2711 cumulo

373 2745 498 2825 Totque
519 2746 643 2827 piorum
665 2747 818 2810 caedibus
837 2747 903 2808 illic

373 2843 427 2906 Nil
447 2849 545 2926 queat
565 2845 641 2908 addi
661 2867 745 2909 neve
767 2847 921 2909 bonorum

306 2963 345 3003 000
373 2943 484 3007 Possit
503 2937 615 3007 haberi
636 2964 713 3025 spes
734 2944 799 3006 ulla
819 2964 925 3025 super,

373 3043 479 3106 Decus
499 3044 571 3124 ipsa
591 3044 681 3106 Scoti
701 3044 812 3123 regina
832 3044 894 3106 soli

372 3141 488 3203 Atavis
508 3142 628 3205 ducens
648 3142 777 3222 regibus
797 3147 904 3204 ortum

372 3240 443 3302 Iam
463 3240 514 3303 bis
535 3240 637 3303 denos
658 3240 786 3303 exsulat
805 3260 908 3303 annos

374 3338 461 3402 Solio
483 3340 634 3421 princeps
656 3343 771 3401 exacta
791 3359 849 3401 suo

305 3458 345 3497 000
372 3439 482 3518 Atque
503 3437 679 3500 Britannae
701 3438 819 3499 metuit
838 3438 929 3517 leges

373 3534 437 3598 Vix
459 3555 519 3617 par
538 3534 664 3615 magnis
684 3536 848 3616 hucusque
868 3534 972 3597 malis.

372 3636 463 3699 Eheu
484 3634 619 3716 species,
640 3633 767 3714 speeies
787 3654 897 3713 regum
