2792 4200
255 220 293 282 12
563 218 757 272 ROVLERIVS,
773 218 922 262 STVARTA
937 222 953 262 1.

357 389 429 452 Non
451 393 488 450 ut
508 388 665 470 sequaris
695 389 754 452 sed
774 390 866 452 nefas
888 392 993 454 maius
1013 397 1133 472 patrae,

359 488 495 568 Regina,
517 489 656 568 populos
679 509 763 570 quae
784 488 897 551 domas
918 489 1132 567 Britannicos

307 605 333 645 eo
362 585 532 648 Demitura
553 585 696 648 Scotiam
718 592 835 667 sponte
856 587 920 648 iam
942 587 1081 649 similem
1103 589 1172 666 tibi,

358 684 393 747 Si
413 685 599 765 perduelles
621 690 655 747 et
676 689 752 747 tuos
774 689 808 747 et
828 686 975 766 hospites

358 782 568 860 Exenterare‚
589 787 723 862 guttura
744 782 825 844 elisa
846 802 974 862 angere,

358 881 491 945 Torrere
512 883 642 958 flamma
664 885 697 942 et
719 899 858 960 coquere
879 885 1046 943 truncatos
1066 881 1175 961 palam

358 979 519 1042 Fervente
540 979 648 1060 pergis
669 979 766 1040 latice
787 979 992 1042 membratim
1014 980 1093 1059 pios.

305 1098 332 1137 ea
360 1078 443 1141 Nam
465 1098 522 1140 cur
542 1079 582 1139 ab
603 1077 678 1139 altis
699 1077 881 1158 principum
902 1077 1080 1140 cervicibus

359 1175 460 1238 Vacat
480 1175 624 1238 securis?
665 1175 759 1238 Vnde
781 1180 817 1237 tu
840 1175 987 1238 dextram
1009 1175 1176 1239 abstines?

356 1273 507 1337 Nondum
529 1276 690 1356 capitibus
711 1275 768 1337 illa
788 1295 978 1356 magnorum
999 1276 1090 1338 venit

357 1373 535 1436 Metuenda
556 1377 690 1454 regum‘?
733 1372 833 1436 Vince
859 1375 1038 1454 genitorem
1060 1378 1094 1435 et
1114 1394 1205 1436 meos

267 1487 341 1539 [aab]
365 1470 446 1533 Esse
467 1471 625 1552 pietatem
645 1492 706 1552 per
726 1475 801 1534 tuos
822 1491 921 1534 ausus
942 1473 1027 1535 iube.

306 1591 332 1630 ro
362 1568 565 1651 Quamquam
587 1571 732 1650 profecto
754 1569 923 1632 criminum
945 1574 1105 1650 quotquot
1125 1570 1215 1647 facis,

358 1669 438 1746 Quis
458 1689 511 1731 me
534 1670 586 1730 vel
606 1688 708 1730 unum
728 1667 838 1748 potius
859 1673 1024 1731 auctorem
1045 1671 1165 1748 neget?

354 1766 484 1829 Etenim
505 1786 650 1828 meorum
671 1765 718 1827 nil
738 1767 839 1829 habes
861 1767 1020 1828 scelerum
1041 1767 1110 1844 tibi,

355 1866 401 1928 At
422 1869 473 1928 est
492 1885 611 1942 meum,
635 1865 862 1946 quodcumque
884 1865 1034 1945 designas
1055 1884 1136 1927 mea.

357 1963 435 2027 Plus
456 1964 510 2026 hic
530 1963 687 2025 malorum
710 1963 815 2040 video,
838 1983 921 2044 quae
942 1963 1005 2025 feci
1026 1983 1155 2040 nocens

302 2083 330 2124 rs
359 2062 464 2142 Quam
484 2083 543 2145 per
562 2062 729 2143 nigrantes
750 2062 836 2125 Ditis
856 2060 974 2124 inferni
995 2061 1116 2125 domos.

512 2288 720 2351 Elizabeta.
763 2286 1014 2349 Dudelaeus.
1087 2359 1090 2364 ¹

657 2432 874 2495 Elizabeta.

356 2548 383 2609 Ο
404 2568 468 2610 nox
490 2552 524 2610 et
545 2549 677 2611 umbrae
699 2548 834 2628 visaque
855 2548 996 2611 insomni
1016 2546 1147 2610 horrida

355 2645 595 2727 Silentiumque
616 2647 796 2727 publicum!
840 2645 1001 2708 Onrundi
1023 2646 1125 2726 quies

354 2744 490 2807 Alterna
510 2744 658 2807 Phoebei
702 2744 729 2805 Ο
750 2744 864 2825 patria,
886 2744 938 2806 eui
959 2748 1009 2806 tot
1030 2745 1185 2806 barbarae

354 2844 479 2906 Gentes
500 2843 661 2906 dederunt
681 2843 793 2923 spolia,
816 2842 867 2904 cui
887 2842 968 2904 felix
984 2841 1038 2905 diu

300 2962 329 3001 ao
358 2942 520 3005 Arthurus
542 2943 690 3023 equitum
711 2940 854 3003 nobilem
875 2941 1016 3003 instituit
1036 2942 1183 3004 manum!

352 3039 380 3103 Ο
401 3040 580 3104 insularum
602 3040 741 3116 domina,
762 3040 929 3119 regnatrix
952 3042 1058 3118 mariS,

355 3138 454 3201 Cuius
474 3158 533 3220 per
553 3158 649 3201 omne
668 3136 763 3199 littus
783 3138 974 3200 innumerae
996 3138 1125 3218 Tethyn
1147 3126 1152 3134 ¹

351 3238 496 3300 Onerant
516 3236 643 3300 carinae
669 3236 786 3317 cuique
808 3236 865 3299 det
887 3236 987 3299 Delos
1008 3255 1140 3297 manum

353 3336 395 3398 Et
417 3336 513 3398 Creta
535 3340 666 3398 centum
688 3334 807 3398 nobilis
829 3335 991 3416 quondam
1013 3335 1156 3410 urbibus

300 3456 329 3495 aa
358 3434 451 3497 Licet
471 3434 528 3495 illa
549 3434 680 3497 Phoebo
702 3432 828 3509 melius,
852 3433 931 3495 haec
951 3433 1050 3495 altrix
1070 3434 1155 3496 lovi!

353 3532 432 3611 Quis
453 3536 487 3595 te
508 3531 640 3608 invidet,
662 3552 736 3594 mea
756 3534 866 3594 terra?
888 3530 969 3608 Quis
990 3536 1023 3593 te
1050 3532 1155 3593 aufert
1176 3529 1266 3607 mihi,

353 3631 526 3695 Hereditas
547 3635 691 3711 paterna,
713 3635 763 3693 tot
783 3630 866 3693 serie
888 3637 1017 3710 patrum
