2792 4200
547 231 743 287 Rovuuulvs,
759 232 916 276 STVARTA.
950 234 969 276 1.

639 402 871 465 Dudelaeus

352 508 447 570 Nunc
466 507 499 569 in
521 518 693 572 nocentem
715 509 860 588 qualibet
880 509 956 571 laxa
976 531 1117 590 manum,

353 606 447 669 Nunc
468 625 544 687 spes
565 607 724 669 nefandas
745 611 878 687 amputa
898 609 1014 687 quovis
1035 610 1131 672 modo

354 703 525 785 Sceptrum
540 704 727 785 appetentis
740 724 799 784 per
809 703 928 783 gradus
938 704 1097 767 scelerum
1108 708 1262 772 omnium.

287 824 327 863 roo
355 801 409 864 Nil
430 803 515 866 ultra
535 822 660 864 revoco.

651 952 862 1014 Elizabeta.

683 1056 773 1135 Quae
794 1058 863 1121 viro
884 1060 985 1122 vitam
1009 1061 1154 1136 abstulit,

357 1159 534 1238 Conspiret,
557 1161 595 1219 ut
616 1176 729 1219 cruore
750 1156 923 1220 foedentur
943 1177 1016 1220 meo

355 1255 456 1319 Patrii
477 1257 623 1336 penates
645 1258 722 1336 post
741 1255 833 1317 nefas
855 1261 983 1319 tautum
1003 1256 1063 1319 tibi

245 1413 248 1420 .
356 1354 446 1432 Quae
467 1372 543 1433 spes
564 1353 680 1417 salutis
703 1373 784 1430 esse,
807 1373 891 1434 quae
912 1355 1016 1436 possit
1036 1354 1116 1416 mihi
1124 1358 1140 1415 ἱ)

356 1452 458 1532 igitur
479 1454 618 1514 moneto‘
631 1453 788 1532 perfidam
811 1452 942 1513 tandem
964 1454 1054 1515 mori.

428 1677 641 1752 Elizabeta,
663 1675 836 1751 BeeliuS‚
859 1674 1089 1736 Dudelueus,

653 1789 865 1852 Elizabeta.

291 1917 330 1957 su
357 1898 399 1960 Et
419 1902 455 1959 tu
477 1917 629 1979 suprema
650 1898 757 1978 perfer
779 1917 930 1959 emensus
952 1897 1037 1957 viam

358 1996 409 2058 Ad
431 1995 652 2058 Sursbericum
673 1995 772 2057 iussa.
815 1995 960 2057 Tollatur
980 2014 1036 2056 rea

359 2093 570 2158 Pronuntiatu
592 2092 736 2155 iudicum
757 2093 921 2155 sententia

358 2193 506 2273 Meaque‚
528 2212 626 2272 quam
647 2196 723 2272 post
742 2192 880 2273 publicis
901 2191 997 2271 vulgo
1018 2192 1097 2253 locis

358 2291 417 2353 Edi
440 2312 498 2371 per
518 2292 615 2353 urbes
639 2289 773 2370 Angliae
796 2293 928 2352 cunctas
949 2289 1032 2352 volo.

679 2442 847 2504 Bealius.

292 2587 332 2625 no
360 2551 483 2629 Perago
503 2549 670 2629 imperata.

656 2693 866 2755 Elizabeta.

723 2797 781 2861 Cui
801 2796 989 2879 superstitio
1010 2800 1106 2858 vetus

361 2898 499 2962 Incessit
519 2918 593 2976 una,
616 2901 789 2959 contumax
806 2895 938 2958 vesania

361 2997 403 3059 Et
423 2996 549 3059 animus
570 2996 693 3075 ingens,
715 2994 843 3056 animus
863 2992 1054 3056 immodicae
1076 2991 1156 3073 spei,

363 3094 411 3157 Nc
433 3096 476 3157 sit
497 3098 672 3175 superstes.

649 3244 881 3307 Dudeloeus.

711 3352 747 3415 Si
768 3352 852 3414 foret
872 3350 969 3412 matri
990 3368 1099 3413 comes

363 3452 468 3515 Heres
488 3452 522 3513 iu
544 3452 618 3514 aula
639 3451 739 3513 caede
761 3447 901 3512 Mortoni
922 3447 1057 3510 madens

296 3572 337 3612 su
363 3551 405 3613 Et
425 3555 615 3623 ceterorum,
637 3550 693 3629 qui
713 3550 831 3611 bonam
852 3546 903 3608 his
924 3565 1055 3627 operum
1076 3545 1206 3621 dabant,

363 3648 473 3711 Pretio
493 3646 549 3709 illa
571 3647 628 3709 tali
649 3666 748 3726 regna
770 3648 956 3707 constarent
977 3645 1070 3707 bene.
