2792 4200
433 211 628 266 novnunrvs,
653 209 803 252 5111111111
826 210 847 251 1.

526 399 757 461 Elizabeta.

173 530 211 570 uo
240 506 475 586 Quodcumque
498 506 617 568 mentis
638 506 741 585 agitet
761 503 900 567 infestus
922 504 1027 581 timor,

233 605 273 668 Id
294 624 354 686 per
374 605 519 684 quietem
540 623 656 668 sensus
677 623 814 666 arcanus
834 604 943 665 refert.

524 738 757 802 Dudeleeus.

236 845 330 922 Quod
353 844 556 908 Christianus
576 848 671 926 paret
692 845 842 907 Oceanus
862 843 931 920 tibi,

236 944 366 1006 Donum
389 943 545 1006 Tonantis
567 961 639 1005 esse
661 945 713 1021 (ne
735 943 870 1005 oblitam
891 941 939 1003 tui

236 1042 402 1104 Dedoceat
422 1041 548 1104 animos
568 1041 713 1104 insolens
735 1040 831 1103 mites
852 1040 964 1115 honor,

174 1161 213 1202 ru
240 1140 306 1203 Sed
325 1139 489 1202 abstinere
511 1138 664 1202 caedibus
685 1143 811 1201 statues
833 1139 920 1215 feris,

237 1237 320 1299 Dare
341 1242 472 1317 tempus
492 1236 568 1313 irae,
589 1255 722 1316 parcere
744 1235 894 1313 adflictis)
916 1237 1043 1316 putent.

533 1369 749 1432 Elizabeta.

240 1475 373 1557 Nempe,
399 1475 455 1538 illa
476 1495 557 1552 sum,
587 1495 670 1556 quae
697 1476 821 1538 scelera
844 1473 1003 1538 committi
1028 1477 1137 1536 vetem

236 1575 279 1637 Et
299 1573 457 1637 contineri
478 1574 635 1653 sanguine
657 1594 677 1637 a
697 1593 772 1636 caro
794 1573 901 1650 veliin,

236 1671 322 1735 Iuris
342 1672 506 1751 magistra,
529 1673 621 1734 ouius
643 1677 694 1748 est
714 1673 820 1735 virtus
839 1672 927 1753 prior

174 1791 212 1831 reo
241 1769 418 1834 Consulere
439 1770 573 1851 patriae,
596 1771 727 1834 subdito
748 1773 853 1832 tutam
875 1770 951 1832 dere

238 1868 318 1931 Orbi
340 1869 494 1949 quietem,
516 1869 646 1932 saeculo
666 1889 781 1950 pacem
803 1888 885 1930 meo.

531 2002 763 2065 Dudelaeus.

239 2110 338 2173 Ducis
361 2116 411 2172 est
433 2109 517 2172 tuen'
538 2110 665 2188 liberos
686 2109 797 2188 vitam,
818 2112 912 2173 bona.

537 2243 747 2306 Elizabeta.

241 2350 456 2430 Exstinguere
477 2350 605 2412 hostem
627 2350 810 2430 principum
834 2350 906 2412 laus
928 2354 979 2412 est
999 2350 1127 2414 minor?

240 2448 377 2512 Servare
399 2449 544 2525 Mariam,
566 2468 663 2528 quam
684 2450 765 2511 mihi
787 2448 950 2511 inimicam
970 2448 1045 2527 scio,

175 2569 213 2609 ru
241 2547 335 2610 Claro
356 2550 538 2610 tumentem
558 2567 686 2626 genere,
708 2567 792 2627 quae
814 2548 988 2611 clementia
1010 2551 1087 2611 est?

237 2646 309 2708 Vna
329 2646 508 2709 iubendum
528 2665 607 2709 voce
629 2650 816 2725 suspectam
837 2646 927 2709 mori.

523 2780 757 2843 Dudelaeus.

237 2886 417 2969 Superesse
438 2887 549 2949 malim
570 2888 618 2951 sic
639 2893 676 2950 ut
696 2907 716 2949 1
736 2890 832 2950 cauta
853 2890 935 2951 satis

237 2984 292 3046 Nil
312 2985 398 3047 ultra
418 2985 523 3066 possit
544 3006 616 3049 esse
637 2986 850 3048 metuendum
871 2987 947 3049 tuis

534 3120 748 3184 Elizebeta.

243 3226 399 3290 Sufficere
420 3246 496 3289 cura
516 3227 624 3307 potuit
643 3228 726 3290 haec
745 3247 844 3307 regno
865 3227 964 3308 prius.

176 3346 215 3385 uo
243 3324 337 3389 Nunc
357 3332 394 3388 ut
415 3325 567 3389 secundis
587 3327 685 3388 rebus
707 3325 849 3387 excessit
868 3326 1017 3405 modum,

243 3422 353 3488 Fossis
375 3424 521 3506 quietem
540 3424 663 3505 pariter
683 3423 773 3485 haud
794 3424 895 3487 ullam
915 3426 1011 3507 capit.

122 3544 128 3557 ·
149 3536 219 3590 [1411
247 3521 371 3586 Exsilio
391 3542 452 3585 nec
473 3524 597 3602 fregere
618 3522 811 3601 Morgenum
831 3525 944 3604 procul

242 3619 490 3702 Pagetiumque,
511 3621 662 3703 pertinax
683 3641 822 3701 quorum
843 3622 930 3684 furor
