2792 4200
470 161 667 218 ROVLERIVS,
684 162 842 208 STVARTA.
858 162 887 204 V.
1152 162 1197 226 59

116 407 125 420 ‚
282 333 332 396 Ne
353 334 478 415 patriae
501 334 642 396 titubata
661 333 759 409 salus
781 352 823 394 ne
845 332 914 394 iura
935 331 1094 394 Tonantis

204 453 259 493 icoo
288 431 480 513 Religioque
502 430 629 508 cadant,
651 431 771 512 quibus
791 430 950 493 hactenus
970 429 1043 510 ipsa
1056 429 1192 493 timetur

283 529 423 593 Exitiaie
444 530 525 592 mihi
545 530 730 610 vestrisque
750 527 926 610 nepotibus
946 547 1052 602 omen,

281 629 352 692 Iam
373 628 505 692 tandem
527 626 669 694 concedo
689 627 772 690 mori
792 627 990 708 meritasque
1012 626 1170 689 malorum

281 727 479 808 Auspicibus
501 727 648 808 post'me
667 726 761 788 vobis
782 725 968 807 expendere
987 744 1110 806 poenas

241 837 246 846 '
280 828 366 889 Arce
387 823 589 904 Fodringaiis
610 823 708 887 Amia
728 823 864 887 custode
885 824 1073 885 revinctam.

200 944 253 984 uu
322 924 389 1000 Ite3
412 924 495 986 ferat
516 926 660 986 nostram
681 922 827 986 immisso
847 920 961 986 lictore
982 921 1122 984 securim

280 1021 413 1101 Imperii
434 1021 611 1084 resecanda
631 1022 704 1083 lues
724 1019 952 1102 praesentibus
971 1018 1077 1096 isthic,

282 1119 381 1196 Queis
404 1139 620 1201 roseumque
642 1117 736 1181 datis
770 1119 938 1181 Iussorum
958 1119 1039 1180 haec
1059 1137 1187 1181 summa

1034 1237 1182 1281 meorum

280 1316 384 1394 Quam
398 1337 505 1398 neque
519 1318 677 1380 maiorum
691 1317 781 1397 leges
794 1338 901 1398 neque
919 1318 990 1380 iura
1010 1321 1186 1380 morentur.

343 1469 573 1549 Borumgus.
616 1468 794 1533 Stuarta.
835 1470 1015 1534 Kentius.

563 1586 809 1666 Borumgus„

279 1682 437 1764 Superest
456 1683 587 1746 relectis
608 1704 685 1764 ergo
707 1684 869 1748 mandatis
889 1686 997 1766 palam

196 1801 251 1842 ooo
279 1781 318 1843 In
339 1801 447 1845 amore
469 1781 588 1846 Christi
610 1783 748 1846 colloces
769 1783 920 1846 fiduciam

275 1879 317 1942 Et
338 1880 531 1958 Christiano
554 1880 693 1957 domina,
716 1881 757 1944 de
778 1902 868 1945 more
889 1887 1036 1965 oppetas.

594 2014 769 2079 Stuarta.

275 2112 312 2175 Si
332 2112 470 2187 domina,
491 2115 597 2193 iubeo,
618 2116 669 2179 sin
691 2136 795 2195 scene,
818 2137 956 2198 quaeso:
978 2119 1055 2182 silei

555 2250 793 2330 Borumgus.

274 2344 367 2423 Quod
388 2346 581 2427 optimatum
603 2348 717 2412 iubeor
736 2350 871 2432 imperio
892 2353 982 2431 gravi

274 2442 423 2525 Veroque
445 2445 532 2527 quod
554 2448 718 2511 conforme
740 2469 941 2529 cognoscam,
962 2451 1085 2532 loquar.

586 2564 765 2629 senaria.

192 2674 246 2718 noa
274 2659 361 2722 Falsi
381 2662 546 2741 magister,
567 2662 596 2724 si
616 2663 697 2726 mihi
719 2665 921 2747 obsequeris:
943 2669 1030 2728 tace!

273 2756 343 2819 Pax
364 2763 439 2821 ante
461 2760 526 2823 luci
546 2761 611 2825 fida
632 2781 707 2826 cum
727 2765 872 2827 tenebris
893 2764 963 2840 erit,

273 2852 352 2917 Cum
376 2856 499 2919 Beliale
522 2858 670 2924 Christus
691 2861 725 2923 in
747 2862 863 2924 foedus
883 2881 1004 2923 novum

271 2953 458 3017 Descendet
478 2965 563 3035 ante,
586 2978 682 3039 quam
705 2960 786 3021 mihi
805 2960 972 3041 negotium

270 3051 393 3114 Tecum
413 3053 457 3116 sit
476 3054 580 3118 ullum
601 3076 740 3137 quamve
765 3059 939 3123 latrantem
960 3063 1098 3125 audiam.

572 3191 762 3256 Kentius.

174 3299 243 3353 [uro]
273 3283 380 3362 Quid?
401 3286 518 3350 Adhuc
538 3293 670 3353 vetusta
689 3295 724 3353 te
745 3292 934 3372 superstitio
954 3298 1068 3357 tenet-⁸?

271 3382 337 3447 Cur
356 3404 499 3466 namque
519 3387 602 3451 ritus
624 3391 658 3451 et
678 3390 880 3454 sacerdotem
901 3396 994 3454 tuum

268 3481 475 3547 Nostratibus
494 3486 668 3567 praeponis
690 3491 724 3549 et
745 3508 844 3570 quare
866 3507 994 3551 erucem

269 3582 395 3645 Dextra
414 3584 509 3662 geris,
531 3604 629 3665 quam
651 3590 761 3648 menie
781 3587 903 3666 gestari
924 3588 1041 3650 decet?
