2792 4200
259 919 329 972 nm
365 899 604 975 ADRIANI
633 900 899 976 ROVLERH
928 900 1193 978 INSVLANI

636 1022 911 1100 STVARTA.

573 1159 741 1224 lorvs
762 1162 967 1226 raruvs.

549 1330 774 1394 Henricus
806 1338 1005 1396 octavus,

351 1446 431 1524 Quis
453 1466 494 1508 ex
515 1447 675 1527 profundo
696 1447 840 1510 manium
862 1449 947 1528 cogit
967 1469 1067 1530 specu

351 1543 451 1606 Adire
472 1565 608 1625 superos
629 1565 747 1626 meque
768 1546 954 1609 transcribit
974 1548 1060 1611 malo

349 1642 548 1722 lugentiori‘?
589 1643 702 1706 Iamne
723 1643 891 1706 decretum
913 1649 972 1722 est,
994 1651 1085 1709 utras

349 1741 477 1804 Timere
498 1741 624 1821 genitor
645 1741 783 1804 debeam
803 1747 915 1822 partes
935 1741 1039 1822 magis

308 1862 321 1901 e
349 1839 490 1902 Vtraeve
512 1840 605 1920 peius
626 1840 756 1903 oderint
775 1846 924 1903 nostrum
945 1845 1068 1924 caput?

348 1938 420 2001 Illic
440 1939 564 2000 Bolena
585 1944 649 2017 est,
670 1939 736 2024 ista
755 1939 947 2003 Titheraeae
968 1941 1047 2017 loca,

349 2035 439 2114 Quae
461 2036 566 2114 video,
586 2034 696 2119 neptis
718 2041 753 2100 et
772 2036 869 2101 simul
889 2041 986 2101 natae
1007 2039 1102 2117 lareS,

347 2136 496 2215 Augusta
515 2140 646 2218 patrum
668 2140 756 2199 tecta
776 2136 941 2217 Londinae
964 2137 1089 2216 domna,

352 2233 442 2297 Vnde
464 2240 621 2315 augurato
642 2254 743 2314 regna
763 2254 834 2297 mos
856 2234 1030 2298 maioribus

295 2353 320 2392 ιο
348 2331 425 2394 Fuit
445 2332 613 2413 auspicari.
658 2332 772 2395 curiae
793 2334 847 2395 hic
867 2334 970 2414 surgit
990 2334 1088 2407 locus,

348 2430 420 2493 Illic
440 2451 551 2493 meum
571 2430 724 2507 tribunal,
745 2431 798 2494 hic
819 2432 960 2495 miscens
981 2451 1043 2494 avo

289 2559 294 2567 ·
351 2528 494 2609 Viroque
515 2534 642 2609 patrem
664 2533 698 2591 et
718 2528 818 2592 filiam
839 2530 931 2611 nepti
952 2534 1052 2592 torus,

348 2627 464 2691 Liceat
480 2627 609 2705 reverti,
632 2649 740 2691 nonne
762 2628 881 2691 ferales
901 2628 993 2690 lacus
1069 2713 1071 2717 ι

346 2725 464 2789 lunare
485 2731 638 2807 praestat,
661 2726 744 2789 alter
765 2726 928 2788 Henricus
945 2726 1073 2806 quibus,

294 2847 319 2886 15
347 2824 520 2888 Homicida
541 2825 629 2887 Duffi
651 2824 809 2903 Vortiger,
831 2823 1013 2887 Constantii

347 2924 537 2987 Donualdus
557 2924 684 2985 haeret:
708 2922 856 3004 quisquis
877 2927 912 2985 et
932 2924 1076 2986 saeclum
1096 2925 1195 3005 prius,

260 3039 329 3091 [ara]
354 3022 509 3103 Quisquis
530 3024 670 3104 potitum
692 3023 800 3085 fratris
821 3022 975 3085 Heroden
996 3024 1076 3086 toris

344 3121 386 3183 Et
406 3120 606 3202 impudicum
627 3120 734 3201 potuit
755 3121 950 3183 Ammonem
971 3122 1075 3202 sequi.

344 3218 411 3281 Sed
431 3219 486 3281 ille
507 3219 610 3282 nostri
631 3219 738 3299 portio
758 3218 876 3281 incesti
897 3221 998 3299 quota
1018 3224 1070 3283 est

293 3340 319 3377 20
348 3318 392 3379 Et
411 3317 538 3380 filiabus
559 3317 681 3380 mixtus
703 3337 723 3379 a
742 3319 818 3380 vino
839 3337 941 3379 senex

345 3416 387 3479 Et
409 3416 462 3477 avi
483 3436 583 3495 gener
603 3416 772 3497 patrisque
793 3416 905 3478 rivalis
926 3416 987 3496 sui,

342 3515 458 3577 Frater
479 3533 611 3577 suorum
633 3514 772 3576 liberum
794 3519 829 3577 et
848 3515 985 3577 fratrum
1006 3534 1124 3597 parens

341 3614 488 3693 Parsque
510 3612 645 3674 thalami
666 3614 784 3675 marita
805 3616 957 3677 materni:
980 3613 1148 3694 Oedipus?
