2792 4200
455 235 649 290 novimum,
661 235 818 279 sursum.
833 235 880 277 111.
1137 237 1179 299 37

385 408 557 470 Stuarta.
599 406 767 469 Bealius.
809 405 948 469 Amias.

578 541 747 602 Stuarta.

196 661 241 703 rso
269 641 320 702 Tu
340 661 403 718 me,
425 639 523 702 deum
543 659 705 720 supreme,
726 634 897 701 sollicitam
920 638 1036 703 domus

268 738 367 802 Carae
390 742 423 800 et
443 758 589 801 meorum
609 741 723 818 patere
744 735 892 800 crudeles
913 736 1019 801 adhuc

267 837 425 900 Habitare
447 841 551 899 terras
572 839 671 916 atque
692 834 772 897 litus
793 835 954 916 impium?

267 935 411 1003 Iacobus
426 935 503 997 olim
523 935 571 996 sic
591 939 625 996 et
646 934 794 997 Albanus
814 933 884 1014 pari

268 1032 405 1113 Indigna
425 1052 542 1115 passus
564 1033 631 1094 dux
652 1025 842 1095 Alexander
861 1030 951 1112 iugo:

197 1153 239 1194 us
268 1131 337 1194 Nec
358 1131 526 1194 servitutis
547 1131 580 1192 in
602 1130 718 1193 Scotos
739 1131 839 1193 durae
859 1130 1002 1194 modus?

267 1230 357 1308 Quae
378 1230 435 1291 lux
456 1228 631 1292 Britannos
652 1228 787 1306 adferet,
810 1230 924 1310 quales
945 1235 1038 1292 erant

265 1328 412 1391 Tenente
433 1346 569 1407 magnae
589 1327 683 1390 frena
704 1326 830 1389 Canuto
850 1327 1001 1391 insulae?

196 1419 201 1430 ’
267 1426 404 1504 Quicum
425 1426 481 1488 illa
501 1425 605 1506 primo
626 1424 768 1487 numinis
790 1425 898 1505 magni
920 1425 982 1488 dea

268 1524 399 1586 Iustitia
420 1524 509 1586 caelo
531 1523 630 1586 misse
652 1543 726 1585 cum
747 1527 861 1585 sancta
881 1523 945 1585 fide

195 1644 238 1684 uo
267 1622 489 1685 Communiter
508 1623 642 1701 regebat
662 1622 839 1683 humanum
860 1640 973 1701 genus.

266 1721 346 1799 Quis
367 1721 473 1800 regias
494 1720 632 1782 vidisset
645 1719 678 1782 in
699 1718 814 1781 vinclis
836 1723 961 1783 nurus?

269 1818 365 1880 Nunc
384 1818 441 1882 illa
460 1822 565 1880 terras
586 1817 671 1897 fugit
692 1822 727 1880 et
746 1838 855 1882 mores
875 1818 961 1882 feros

265 1916 442 1979 Hominum
450 1920 484 1978 et
493 1915 657 1996 frequenti
666 1916 823 1996 sanguine
835 1917 1172 1996 undantemAugliam

267 2013 407 2078 Astraea
428 2014 528 2094 virgo.
570 2013 678 2076 Subiit
699 2034 742 2076 ex
762 2014 818 2076 illo
839 2015 943 2077 fames

195 2135 237 2176 tu
267 2113 386 2176 Insana
406 2113 556 2192 habendi,
579 2116 689 2195 spreta
710 2111 823 2192 religio
843 2118 983 2194 patrum,

265 2212 308 2274 Et
328 2212 405 2275 orbe
425 2216 537 2275 nostro
557 2212 737 2275 maximum
759 2216 908 2273 exortum
929 2222 981 2274 est
1000 2212 1135 2276 malum:

263 2309 416 2388 Luxuria,
437 2309 541 2391 pestis
562 2309 691 2387 blanda,
712 2309 766 2372 cui
786 2310 883 2372 robur
904 2309 995 2372 dedit

263 2407 501 2488 Cumulumque
515 2408 647 2488 longum
660 2412 793 2488 tempus
810 2412 910 2489 atque
929 2427 1020 2471 error
1037 2408 1170 2490 duplex.

264 2506 306 2568 Et
326 2514 421 2569 aucta
441 2506 521 2568 vitia
541 2525 600 2586 per
619 2509 669 2568 tot
689 2509 817 2571 aetates
838 2507 872 2568 in
892 2507 977 2569 hanc

195 2625 236 2666 uo
265 2605 372 2667 Vnam
393 2604 586 2668 redundant.
628 2604 719 2665 Vicit
739 2605 891 2686 impietas
911 2607 1023 2683 bonos,

262 2701 427 2784 'turpique
449 2722 568 2765 venere
590 2702 681 2782 virgo
703 2702 889 2766 dominatur
909 2723 1008 2766 nova:

154 2814 234 2869 [neb]
266 2799 363 2880 Virgo
384 2800 440 2863 illa
461 2820 579 2881 nempe
600 2801 678 2863 nixa
698 2802 874 2882 sulphureo
894 2800 987 2882 pede,

266 2897 366 2961 Cuius
386 2918 447 2961 nec
468 2898 555 2960 orbis
575 2902 666 2961 totus
687 2897 803 2962 adfuso
824 2899 905 2963 satis

267 2996 394 3059 Poterit
414 3001 570 3077 vagantes
590 2998 707 3061 sistere
729 2998 857 3061 Oceano
878 2998 975 3061 faces.

464 3228 466 3233 ¹
539 3159 799 3222 Buccartius.

201 3304 240 3344 uo
269 3283 479 3347 Examinatas
499 3283 574 3344 hinc
596 3289 629 3345 et
649 3283 726 3346 inde
747 3284 873 3346 litteras

266 3381 426 3462 Visusque
446 3381 594 3463 patribus
615 3385 714 3462 atque
736 3381 871 3445 concilio
893 3381 995 3443 virum

265 3479 532 3556 Clarissimorum,
555 3498 637 3559 quas
657 3480 785 3544 ferebat
805 3479 938 3543 Celticis

259 3577 434 3642 Limitibus
456 3577 650 3659 explorator,
672 3581 712 3639 ut
731 3579 854 3659 passim
875 3578 957 3640 nihil

256 3675 346 3739 Citra
365 3676 524 3759 periclum
544 3675 624 3757 regii
645 3676 764 3757 capitis
785 3677 881 3753 foret,
