2792 4200
461 202 657 256 ROVLERIVS,
673 202 830 246 STVARTA.
860 203 892 245 11.

273 373 527 436 Subvcrsionem
548 374 605 453 qui
626 374 844 454 procurabant
863 393 970 436 meam

211 495 251 535 ua
279 473 323 535 Et
342 471 533 551 religionum
556 475 590 532 et
610 474 709 534 rebus
729 472 898 535 inhiabant
918 473 1021 536 novis,

275 571 302 634 Ο
323 571 493 632 lenitatem
514 570 652 651 principi
673 570 783 632 lentae
805 571 938 632 malam!

275 669 443 732 Debebam
465 669 579 731 eodem
602 675 696 749 patre
718 672 920 749 prognatum,
941 669 1012 731 Deo

270 767 447 829 Addictum
475 773 509 828 et
535 766 599 829 aris
619 769 805 847 praesulem
828 771 861 828 et
882 766 1032 830 claustris
1058 786 1187 831 sacrum

271 865 344 928 Non
365 865 407 926 ad
428 864 561 943 regendi
583 865 712 926 culmen
734 865 861 944 imperii
882 864 1017 926 nothum

206 986 246 1026 cao
275 963 421 1025 Evehere
443 982 580 1038 mecum,
603 963 670 1038 sed,
693 962 790 1024 modo
811 963 983 1025 incolumis
1004 963 1115 1041 forem,

271 1062 327 1124 Sic
346 1061 526 1123 continere:
548 1081 614 1123 non
635 1064 685 1122 tot
704 1061 888 1123 hausissem
909 1061 1005 1138 viceS,

272 1159 353 1221 Tam
374 1178 473 1239 saepe
493 1159 576 1220 falso
590 1158 726 1238 prodita
748 1159 866 1221 indicio
886 1179 1016 1236 nocens

271 1258 351 1320 Tam
372 1277 470 1337 saepe
493 1256 616 1334 adacta,
640 1277 705 1336 quo
726 1257 826 1319 trucis
847 1258 975 1338 pepulit
994 1259 1083 1321 ferus

272 1355 388 1436 Populi
408 1355 496 1417 furor
515 1374 750 1435 procerumque
773 1359 807 1417 et
828 1360 858 1432 (o
879 1356 964 1433 audi,
986 1356 1140 1418 exsulans

209 1475 248 1514 aaa
278 1453 418 1530 lustitia)
439 1453 542 1515 falsae
563 1451 639 1514 ficta
660 1457 816 1531 cognatae
839 1453 928 1517 fides.

277 1551 360 1612 Nam
381 1551 409 1613 si
429 1551 544 1630 loquor
563 1553 741 1631 praeterita
761 1571 822 1612 nec
842 1552 951 1632 potius
972 1552 1060 1615 subit

276 1649 436 1712 Praesens
456 1649 646 1711 memoriam
667 1668 762 1712 casus
783 1654 819 1712 et
838 1651 945 1713 luctus
966 1671 1095 1714 recens:

276 1747 440 1828 Vigcsimo
461 1767 547 1809 nunc
569 1748 646 1810 orbe
668 1747 861 1826 signiferum
882 1769 984 1828 vagus

276 1845 332 1908 Sol
352 1846 542 1926 permeabit‚
565 1865 638 1906 cum
660 1864 734 1908 mea
756 1865 914 1910 excussae
935 1867 1034 1910 manu

208 1967 248 2006 cco
275 1945 415 2006 Fluxere
436 1944 582 2005 habenae
604 1963 714 2005 rerum
736 1949 770 2006 et
791 1945 902 2025 elapsa
923 1945 1067 2007 omnium

275 2041 384 2105 Media
406 2061 551 2104 meorum
571 2047 678 2121 strage
700 2043 735 2104 in
754 2043 935 2123 Anglorum
956 2044 1047 2107 sinus

278 2141 419 2203 Demens
441 2140 566 2220 profugi
588 2160 706 2221 meque
727 2141 866 2221 periuris
887 2142 972 2205 dedi.

278 2238 456 2316 Postquam
477 2258 622 2300 meorum
637 2258 700 2301 non
716 2239 785 2301 iero
806 2240 932 2317 caedes
955 2240 1017 2318 abi,

279 2334 359 2397 Post
380 2354 525 2397 carceres
546 2339 580 2397 et
600 2336 715 2414 vincla,
737 2342 813 2417 post
833 2358 928 2400 veros
948 2342 1057 2401 metus

208 2456 249 2497 aaa
276 2434 318 2495 Et
340 2434 435 2505 bella,
457 2433 574 2514 superi,
597 2440 727 2514 quanta,
750 2455 849 2515 quam
870 2436 977 2499 civilia

176 2552 247 2603 [ma]
275 2532 348 2596 Non
369 2533 441 2613 ipsa
461 2532 571 2612 generi
592 2533 697 2596 Roma
718 2554 792 2595 cum
813 2554 924 2617 socero
944 2536 1029 2597 tulit.

313 2630 505 2693 Hereditate
527 2633 663 2712 profuga
685 2632 762 2711 quid
783 2633 933 2711 facerem,
954 2633 1017 2695 nisi

275 2730 387 2792 Isthuc
407 2730 536 2811 asylum
556 2734 772 2810 quaererem?
814 2730 880 2793 Sed
901 2751 953 2793 me
975 2731 1030 2793 diu

275 2826 420 2889 Genibus
440 2829 637 2909 prehensam
657 2830 828 2909 amplexus
849 2830 949 2891 infido
970 2827 1051 2891 mari

207 2942 248 2982 400
276 2924 367 2987 Tunc
387 2926 550 2989 abstinere
572 2926 725 3007 precibus
746 2929 882 3006 urgebat
903 2946 993 2989 sacer

274 3022 366 3085 Divis
387 3027 422 3085 et
441 3026 507 3087 alto
527 3024 694 3105 proprium
716 3026 844 3089 Christo
865 3031 971 3106 caput,

275 3121 338 3198 Qui
359 3122 477 3185 deinde
500 3122 604 3185 tuitus
625 3143 756 3186 causam
777 3124 964 3187 hmiltonus
985 3144 1101 3188 meam.

274 3219 320 3283 At
339 3220 496 3283 incitabat
516 3220 641 3299 foeduS,
662 3222 805 3284 invitans
826 3241 916 3285 soror

275 3316 318 3379 Et
338 3318 455 3398 pignus
477 3323 552 3380 ante
573 3323 733 3396 mutuum,
755 3320 843 3399 quod
863 3320 964 3382 littori

205 3436 246 3476 roc
275 3416 423 3497 Appulsa
444 3416 530 3479 socio
550 3417 677 3479 reddidi
698 3417 854 3480 auxilium
873 3439 999 3499 rogans,

273 3513 370 3577 Feret
391 3520 428 3576 ut
449 3514 580 3596 quietus
601 3514 719 3596 aliquis
739 3516 773 3578 in
793 3537 892 3596 regno
913 3517 1011 3581 locus

273 3610 378 3675 Multo
399 3613 479 3693 ipsa,
501 3613 604 3675 multo
624 3614 711 3676 flexa
732 3634 830 3695 quam
851 3616 975 3695 scopuli
996 3615 1113 3691 minuS,
