2792 4200
403 225 599 281 ROVLERIVS,
615 225 773 270 STVARTA.
798 226 842 270 Ν.
1092 231 1133 294 47

531 396 715 460 Stuarta.

221 504 334 569 Gratia
354 489 438 568 Deo:
460 525 502 567 ex
523 524 588 585 quo
608 505 721 567 tabula
741 505 830 568 iussa
851 508 902 568 est
923 506 1012 586 erigi,

220 605 336 668 Nullos
357 603 459 667 dolori
480 603 629 684 praebuit
649 604 742 667 lusus
763 624 845 680 meo,

220 703 390 785 Siquidem
410 701 522 782 negoti
543 702 690 783 suppetit
710 722 769 783 per
790 721 848 766 vos
869 703 959 766 satis

542 839 709 902 Chorus,

220 949 323 1027 Eheu,
345 948 424 1028 quid
445 947 580 1028 agimus,
603 946 762 1009 caelites?
782 946 921 1008 Vbinam
941 946 1033 1008 favor

137 1068 191 1108 1040
219 1047 309 1109 Haeo
330 1047 416 1109 inter
437 1065 509 1108 esse
530 1048 640 1108 vester
660 1049 694 1107 et
714 1044 821 1125 pietas
841 1046 972 1124 potest?

219 1144 394 1221 Elizabeta,
415 1144 539 1207 fraudis
560 1148 595 1205 et
615 1143 776 1206 scelerum
798 1143 925 1220 artifex,

219 1243 328 1306 Oblita
349 1243 501 1305 decorum
522 1241 666 1322 regiique
687 1241 829 1304 nominis

219 1340 351 1404 Cunctis
372 1341 515 1418 verendi,
538 1344 699 1423 quotquot
718 1340 889 1402 aethereos
910 1339 985 1419 polo

218 1439 335 1503 Vitatis
356 1460 453 1503 aurae
475 1440 609 1521 spiritus
630 1439 696 1502 alto
718 1436 880 1514 hauriunt,

137 1559 191 1599 1045
218 1537 346 1601 Violare
368 1557 502 1617 magnos
523 1538 669 1617 gentium
689 1535 813 1617 incepit
833 1535 933 1599 duces

219 1636 260 1698 Et
280 1636 397 1698 statuit
417 1655 530 1698 omnes
552 1640 654 1698 morte
676 1633 845 1697 violandos
865 1632 950 1714 pari:

218 1733 260 1796 Et
280 1734 408 1814 longius
427 1734 590 1814 parcetis?
611 1733 708 1795 Haud
729 1752 865 1814 superos
886 1731 989 1808 timet,

218 1832 315 1895 Haud
336 1833 522 1912 aequiorem
544 1831 712 1893 criminum
733 1831 873 1893 ultorem
893 1831 1000 1892 Deum

120 1947 190 1999 [aaa]
220 1931 327 1993 Etiam
348 1933 535 1992 monentem
556 1949 667 1992 rursus
689 1933 723 1990 et
743 1928 959 1991 reverentiam

137 2048 191 2088 roso
219 2029 336 2091 Affinis
358 2034 434 2091 ante
455 2027 567 2109 stirpis
588 2030 622 2090 et
642 2032 692 2090 tot
713 2027 862 2108 sanguini

219 2126 353 2204 Titulos
374 2133 477 2205 notaS,
499 2147 679 2207 sexumque
701 2126 864 2189 communi
884 2125 1052 2187 additum?

529 2262 710 2325 Stuarta.

218 2366 371 2431 Miserere
392 2370 510 2432 saltem
529 2368 657 2449 generis
679 2372 714 2429 et
732 2368 832 2447 regni,
854 2385 956 2429 soror:

218 2466 376 2546 Quodque
397 2468 566 2531 ambiisses
586 2468 658 2548 ipsa
679 2466 838 2529 consimili
859 2466 939 2541 vioe,

216 2565 344 2627 Iustum
364 2566 521 2648 piumque
543 2567 684 2647 compari
705 2584 872 2645 nunquam
892 2583 986 2643 nega.

137 2682 191 2722 rou
217 2663 257 2726 id
278 2685 337 2727 rex
357 2685 431 2728 meo
452 2665 594 2727 tenellus
615 2684 633 2726 e
654 2663 735 2727 solio
756 2667 856 2743 rogat,

217 2760 256 2825 ld
277 2783 336 2843 ego
358 2768 391 2826 et
412 2765 569 2826 bonorum
589 2764 699 2825 turba:
721 2783 763 2824 ne
785 2762 922 2825 exturba
942 2762 1054 2825 bonos.

189 2929 591 2997 Scherusberious.
639 2934 835 2996 Stuarta.
881 2931 1043 2993 Amias.

415 3068 815 3132 Scherusberious.

217 3163 306 3242 Quae
329 3166 513 3230 Gallicanos
533 3167 664 3245 limites,
685 3166 875 3230 Hiberniam

214 3261 258 3323 Et
277 3262 430 3342 Angliam
451 3283 602 3344 suprema
623 3265 821 3328 moderatrix
841 3250 917 3344 agit,

132 3378 187 3419 roeo
215 3359 456 3440 Tranquillitati
478 3362 732 3425 Christianorum
753 3363 890 3426 studens

214 3457 258 3518 Et
277 3458 381 3540 primo
401 3460 515 3522 honori
536 3460 689 3524 caelitum
709 3461 826 3523 statuit
847 3460 956 3523 datam

213 3555 244 3617 Α
264 3558 467 3637 congregatis
487 3558 614 3640 patriae
635 3558 828 3640 primoribus

215 3653 418 3719 Sententiam
439 3656 473 3718 in
493 3661 536 3734 ta,
559 3657 670 3736 Maria,
691 3661 893 3738 postremum
915 3656 1060 3739 exsequi.
