2792 4200
431 211 626 267 novnnruvs,
642 212 800 256 srvnnrn.
828 213 862 255 11.

565 383 734 445 Stuarta.

242 493 291 554 De
313 493 411 555 rebus
433 509 505 554 esse
526 490 648 554 veritas
667 490 767 552 nullis
787 491 922 569 potest?

572 606 715 669 Amias.

242 714 449 795 Nequiquam
470 719 584 795 aperta
603 733 770 796 pernegas,
812 713 889 776 alto
910 712 969 776 11111

242 812 339 875 Dirae
360 814 519 876 malorum
540 812 635 875 eorde
657 812 837 874 reclamant
856 812 963 874 nimis.

563 936 731 998 Stuarta.

172 1065 214 1105 roa
244 1043 375 1106 Nullum
398 1044 473 1121 tuis,
495 1043 668 1123 praefecte,
688 1043 845 1105 sueeurrii
866 1045 988 1105 maium

241 1142 321 1204 Mihi
343 1140 497 1222 piandum
518 1141 646 1203 laribus.
690 1141 824 1203 Intueor
843 1142 932 1217 satia,

242 1240 329 1303 Satis
350 1239 496 1301 intuetur
516 1236 647 1319 penitus
669 1238 830 1301 admissus
852 1239 949 1302 Deus

572 1353 711 1416 Amias.

240 1462 355 1524 Perdis
376 1462 557 1524 Britannos.

562 1577 736 1640 Stuarta.

574 1684 617 1746 Ε1
637 1685 711 1747 volo
732 1684 802 1746 fieri
823 1688 938 1747 meos?

574 1799 717 1863 Amias

244 1905 307 1970 Cur
328 1926 403 1986 ergo
424 1907 507 1970 elam
530 1906 667 1970 conubia
687 1906 830 1970 Noriolei
851 1908 965 1971 ducis?

563 2042 734 2105 Sinaria·

176 2168 216 2209 111
245 2148 390 2211 Conubia
410 2152 499 2211 certo
519 2149 610 2212 nulla
631 2149 701 2211 sine
723 2153 809 2211 teste
830 2148 937 2211 ambii.

572 2284 713 2346 Amias

244 2390 324 2467 Quis
345 2390 387 2452 ad
408 2389 464 2451 illa
485 2389 603 2452 testis?

563 2504 732 2569 Stuarta.

623 2611 778 2693 Quisquis
799 2633 924 2696 auspex
946 2618 979 2677 et
1000 2614 1066 2678 mei

243 2709 407 2773 Moravius
427 2710 500 2791 ipsa
520 2710 626 2791 pestis
647 2709 775 2790 imperii
796 2712 924 2774 nothus

571 2848 601 2907 A
608 2865 639 2906 m
650 2844 716 2907 ias,

244 2950 315 3027 Quo
335 2969 425 3012 more
447 2954 567 3013 testem
588 2956 750 3014 mortuum
772 2951 986 3033 produxeris?

564 3076 734 3139 Sinarta.

244 3181 394 3260 Idoneus
417 3182 494 3244 dum
518 3182 606 3261 vixit,
628 3183 718 3245 haud
738 3202 881 3263 unquam
903 3182 1042 3247 exstitit.

570 3290 715 3353 AmiaS.

175 3415 217 3457 515
244 3395 317 3459 Non
338 3398 422 3460 elam
441 3414 550 3459 sorore
572 3401 709 3476 coeptus
728 3396 929 3477 hymenaeus
950 3397 1039 3460 fuit?

564 3512 739 3575 Sinarta.

245 3618 350 3696 Quem
370 3620 537 3683 nesciebat
551 3639 648 3682 nemo
662 3619 790 3682 aoncilii
804 3621 931 3682 virum?

1118 211 1161 278 27
