2792 4200
233 191 274 252 24
516 163 711 248 novnnnrvs
727 196 884 239 arveum.
913 199 946 241 n.

329 359 417 436 Quos
438 361 525 423 unda
545 363 670 426 tumido
691 365 802 428 tundit
820 366 855 429 in
875 387 1004 431 cassum
1025 370 1103 447 sala,

329 455 401 519 Non
423 458 554 538 alloqui,
575 480 640 524 non
662 482 735 526 esse
757 464 918 544 praesidio
939 486 1027 544 suae,

262 574 303 613 no
331 553 406 632 Sed,
429 576 526 636 quam
547 560 686 622 ministri
707 562 894 641 parricidae,
917 583 1014 643 quam
1034 567 1156 630 nothus

327 651 399 715 Non
421 654 516 718 aliter
535 657 658 735 habuit,
680 659 824 723 barbaris
846 662 1048 725 committere

328 750 371 812 Vt
391 751 593 833 inquinatam
614 757 747 820 crimine
770 779 811 820 ex
832 760 929 839 vulgo
949 781 1076 838 nurum,

328 849 426 912 Modo
447 852 627 928 Knollidae,
650 874 748 934 quem
768 857 868 919 nimia
888 859 1053 921 barbaries
1073 859 1180 921 virum

328 947 420 1010 Fecit
440 950 559 1030 negari,
582 951 657 1014 dein
678 951 910 1018 Scherusberio
932 956 1041 1018 datam

260 1066 302 1106 111
330 1046 372 1108 Et
392 1048 516 1126 hmiae,
539 1050 595 1130 qui
615 1050 710 1113 facile
732 1055 899 1134 superavit
920 1055 1010 1118 duos

327 1145 382 1206 Ah
402 1145 529 1223 misera,
551 1152 589 1209 tu
609 1151 643 1211 te
664 1150 770 1214 credis
790 1152 953 1216 incautam
975 1154 1070 1235 lupis

330 1241 454 1318 Quibus
475 1264 584 1310 carere
605 1247 693 1310 fama
713 1252 870 1314 mentitur
891 1252 946 1315 diu

327 1339 441 1404 Fallax
462 1343 650 1410 Britannos:
672 1368 813 1429 namque
834 1356 912 1413 sunt
931 1351 1029 1414 isthic
1048 1350 1117 1431 lupi

327 1437 464 1519 Impune
486 1443 608 1507 sanctis
628 1465 758 1527 semper
778 1448 962 1529 hospitibus
982 1449 1044 1511 feri

259 1556 301 1596 110
328 1533 476 1601 Necdum
497 1544 547 1604 tot
568 1562 669 1606 annos
693 1545 804 1606 funere
826 1547 950 1626 expleti
971 1567 1054 1624 meo,

333 1633 407 1698 Meo
429 1643 464 1701 et
483 1661 637 1719 meorum,
660 1663 742 1723 quos
763 1643 907 1725 iniquum
931 1665 1091 1708 carcerem

229 1749 302 1801 [D1b]
332 1732 492 1819 Suspecta
513 1744 633 1820 cogunt
653 1741 774 1822 scripta
794 1761 1001 1824 comprensos
1021 1743 1098 1823 pati.

326 1838 454 1902 Etiam
475 1860 534 1920 per
554 1859 656 1902 annos
677 1860 782 1920 paene
803 1840 853 1903 bis
875 1841 978 1904 denos
999 1860 1075 1920 agor

326 1937 411 2000 Hinc
432 1937 507 2000 inde
528 1938 623 2000 noxis
644 1944 754 2000 mente
775 1940 920 2002 confictis
941 1940 1055 2015 virum,

258 2049 299 2088 ⁴2⁶
328 2033 475 2111 qainon
496 2036 608 2117 magis,
631 2036 708 2117 quid
730 2037 810 2114 iura,
832 2037 910 2118 quid
931 2037 1021 2119 leges
1042 2036 1152 2110 velint,

327 2134 534 2215 Intellegimt,
557 2155 656 2217 quam
675 2136 785 2199 lumen
807 2136 1016 2199 astricomum
1037 2135 1128 2198 videt

327 2232 448 2296 Solaris
469 2234 545 2296 011111
566 2234 726 2315 lampadis
747 2235 833 2297 bubo
853 2254 952 2299 reses.

326 2330 397 2408 Vbi,
419 2332 538 2395 Albion
560 2335 699 2410 vetusta,
721 2353 808 2395 nunc
828 2333 949 2396 candor
969 2335 1070 2395 tuus?

327 2428 354 2491 Ο
376 2429 462 2492 victa
483 2430 588 2511 pietas
609 2430 777 2493 foederum
797 2436 894 2513 rupta
915 2431 988 2508 fide,

258 2546 299 2585 rso
327 2526 432 2603 Quam
453 2547 657 2592 consecrares
678 2530 764 2593 ultro
785 2531 971 2611 pignoribus
991 2529 1076 2591 datis

326 2625 399 2688 Tibi
420 2625 573 2705 mihique,
595 2627 624 2690 si
643 2628 734 2690 iuvat
755 2629 827 2703 dici,
848 2648 947 2705 soror,

326 2725 375 2786 De
396 2724 466 2787 iure
487 2726 587 2805 regni,
609 2746 707 2806 quam
727 2746 834 2806 neque
855 2725 964 2807 agnati
986 2729 1096 2787 movet

326 2823 369 2887 Et
388 2828 456 2885 tam
477 2824 649 2904 propinqui
670 2824 837 2903 sanguinis
856 2825 1048 2902 reverentia,
1107 2815 1110 2820 ¹

326 2921 370 2985 Vt
390 2922 484 2985 unico
507 2923 648 3004 digneris
668 2922 780 2985 adfatu
803 2944 902 3000 ream,

258 3035 299 3075 ⁴³⁶
328 3020 431 3097 Quam
454 3021 595 3084 debuisti
616 3022 796 3102 supplicem
817 3022 881 3084 fido
902 3022 969 3085 lare

327 3118 502 3201 Protegere
523 3120 685 3201 quondam
709 3139 872 3200 quamque
894 3120 1074 3183 carceribus
1094 3118 1191 3182 novis

327 3215 461 3281 Totiens
481 3219 599 3300 fatigas
620 3223 653 3281 et
674 3218 802 3299 fatigari
819 3217 913 3281 iubes

327 3314 446 3379 Crebro
467 3317 610 3381 efferatis
631 3318 784 3380 traditam
805 3315 994 3378 custodibus

326 3412 370 3474 Et
389 3434 467 3494 prae
488 3415 646 3478 malornm
667 3414 776 3495 taedio
797 3414 917 3476 morbis
937 3433 1079 3493 gravem.

262 3526 301 3565 4⁴0
330 3510 390 3574 Vbi
411 3511 641 3577 criminantes?
663 3512 789 3589 Quidve
810 3516 957 3593 patrasse
978 3531 1093 3591 arguor

327 3607 382 3671 Sic
403 3609 621 3691 expiandum?
643 3609 769 3686 Quidve
791 3610 978 3673 criminibus
999 3609 1102 3690 magis
