2792 4200
433 203 628 257 ROVLERIVS,
644 203 801 246 STVARTA.
830 202 851 256 1,
867 202 899 246 11.
1134 203 1173 265 21

265 376 410 456 Occupet
429 374 557 455 imperii
577 393 642 435 neu
662 373 826 452 religionis
847 373 953 435 avitae

266 473 491 536 Fundamenta
512 476 585 534 ruat
604 472 739 552 papales
759 471 899 551 amplius
919 489 991 532 aras

267 572 472 635 Devenerata
492 571 580 633 focis.
623 569 719 631 Vivet
741 574 836 632 vetus
857 569 953 631 Albio
973 570 1106 631 nomen!

443 917 600 981 ACTVS
632 916 891 981 SECVNDVS.

392 1053 564 1116 Stuarta
584 1073 667 1114 cum
688 1051 838 1113 Medico
859 1069 936 1113 suo.

575 1167 754 1231 Stuarta.

196 1292 235 1329 ns
265 1270 369 1345 Quam
388 1287 473 1329 vana
493 1286 570 1348 prae
592 1286 627 1328 se
649 1266 767 1328 decora
787 1268 959 1344 regnantes
980 1264 1087 1326 terant

263 1366 363 1428 Flexo
384 1365 538 1427 clientum
561 1365 627 1426 late
649 1364 774 1426 adorati
793 1384 879 1443 genu

263 1465 304 1526 Et
324 1463 475 1543 dignitati
497 1463 649 1526 caelitum
670 1461 732 1524 visi
753 1481 849 1542 pares

169 1580 235 1634 [cao]
265 1562 406 1642 Soloque
427 1555 591 1623 formidati
612 1564 646 1622 et
666 1560 791 1638 ingenti
812 1560 890 1636 salo,

262 1659 434 1741 Nunquam
456 1658 546 1722 dedit
567 1658 689 1721 maiora
709 1661 759 1720 tot
778 1658 898 1720 nostris
919 1658 1009 1719 Deus

193 1782 233 1820 aro
261 1759 421 1841 Exempla
441 1758 566 1820 vicibus
585 1777 646 1819 nec
666 1757 770 1836 magis
791 1755 901 1818 docuit
921 1754 1021 1817 duces

260 1856 357 1919 Haud
376 1876 473 1938 posse
495 1861 582 1919 certo
604 1859 733 1936 sceptra
753 1854 882 1917 fundari
902 1855 972 1917 loco

259 1955 364 2032 Quam
384 1975 470 2016 nunc
491 1955 546 2018 ubi
566 1958 715 2016 vertente
736 1955 866 2016 fortuna
886 1953 1004 2016 obruor

259 2052 413 2135 Expulsa,
434 2054 584 2135 supplex,
606 2053 684 2129 sola,
707 2051 844 2133 captiva,
865 2051 1009 2133 undique

262 2151 410 2214 Adflicta.
453 2151 590 2214 Centum
612 2171 631 2212 a
651 2152 781 2231 regibus
801 2151 883 2212 duco
904 2170 1007 2229 genus

191 2270 231 2309 no
258 2248 456 2328 Hucusque
478 2248 596 2313 Scotici
617 2250 709 2312 frena
728 2248 850 2311 molitis
871 2247 941 2325 soli,

260 2345 308 2407 Ex
330 2366 394 2426 quo
413 2344 554 2409 Caledon
576 2347 658 2409 silva
678 2348 743 2409 fert
763 2347 852 2409 caelo
874 2364 991 2408 comas.

258 2442 491 2523 Quodcumque
513 2449 730 2507 monstrorum
750 2445 842 2521 altor,
869 2443 1017 2506 Oceanus
1038 2461 1166 2524 parens,

256 2542 308 2603 Ab
329 2543 406 2604 orbe
427 2544 496 2604 toto
518 2541 635 2605 dividit
654 2543 751 2622 longo
771 2542 904 2613 ambitu,

255 2639 327 2703 Hoc
348 2660 443 2703 omne
465 2640 585 2704 nostris
606 2642 765 2704 hactenus
786 2642 899 2703 subest
919 2639 1003 2717 avis;

189 2758 229 2797 aco
257 2737 299 2799 Et
319 2738 477 2818 quidquid
498 2738 665 2801 hominum
686 2738 817 2819 perfluit
836 2736 968 2819 rapidus
989 2737 1094 2816 Liger,

257 2834 421 2897 Garumna
441 2836 612 2917 quidquid,
641 2836 800 2917 quidquid
822 2840 856 2898 et
876 2835 1061 2916 Sequanam
1083 2834 1165 2897 bibit

256 2932 306 2994 Ad
329 2933 468 3007 Scaldin,
491 2954 586 2997 omne
607 2936 669 2997 hoc
690 2935 833 2998 Francus
854 2934 989 3015 imperio
1009 2952 1103 2995 meus

255 3029 403 3093 Coniunx
423 3033 565 3113 regebat.
608 3032 740 3095 Guisios
760 3034 845 3095 inter
866 3032 972 3111 (domo

254 3128 413 3209 Materna)
435 3134 469 3193 et
489 3132 587 3193 armis
609 3133 643 3192 et
663 3134 826 3211 potestate
847 3128 976 3192 inclitos

186 3248 226 3287 aas
254 3227 387 3305 Docere,
409 3226 488 3290 felix
510 3228 613 3290 extuli
634 3232 808 3307 augustum
828 3228 937 3304 decus,

255 3324 366 3387 Donec
389 3326 504 3388 marito
525 3324 631 3388 decidi
652 3329 687 3388 et
707 3346 819 3389 socero
839 3345 940 3387 nurus

256 3420 294 3500 (Ο
316 3423 404 3486 nulla
425 3424 512 3503 longi
533 3424 690 3505 temporis
711 3422 859 3499 felicitas

253 3518 281 3581 Ο
302 3519 448 3602 inquieta
469 3522 557 3585 sedis
578 3526 735 3603 augustae
757 3522 861 3603 quies)

251 3616 294 3680 Et
315 3618 420 3699 patria
441 3620 549 3683 ventis
569 3641 669 3701 regna
688 3622 832 3683 remeavi
853 3622 943 3697 mela,
