2792 4200
420 213 609 267 ROVLERIVS,
630 212 788 255 STVARTA.
808 211 852 254 IV.

155 409 209 449 11⁴5
237 387 311 448 Mea
333 405 391 448 vos
410 385 526 464 fatigat
546 384 709 446 servitus?
733 382 884 445 Nondum
905 384 971 446 mei

235 483 301 547 Vos
322 473 397 560 heu,'
418 481 583 559 misellae,¹
596 481 734 543 carceris
754 481 859 544 fessas
879 481 971 561 piget

236 583 278 644 Et
298 581 520 658 acerbitatum,
542 599 624 660 quas
646 578 703 641 diu
723 578 815 641 fertis
835 578 953 642 simul?

236 680 371 742 Differte
392 679 541 741 lacrimas
562 698 645 741 neve
667 677 868 740 lamentabili

234 777 289 842 Sic
308 780 497 860 praevenite
519 780 617 840 funus
638 777 766 839 ululatu
786 797 904 839 meum.

153 900 207 941 nro
234 879 349 942 Fletus
368 881 511 942 recusat:
534 897 599 939 una
620 877 779 939 sufficiam
800 876 904 954 malie,

234 977 270 1039 Si
291 981 369 1040 sunt
389 977 483 1054 mala,
506 977 631 1039 evicere
653 995 737 1055 quae
759 979 893 1038 cunctos
914 979 1031 1038 metus,

134 1091 206 1145 [Gra]
236 1077 325 1138 Deus
346 1076 431 1152 hinc,
453 1076 542 1137 Deus
564 1094 615 1136 me
636 1075 753 1136 liberat
774 1073 865 1136 falsis
886 1075 969 1136 bene

233 1173 379 1236 Primum
400 1173 586 1255 expeditam
608 1172 744 1252 gaudiis,
765 1193 807 1234 ne
828 1192 865 1235 se
885 1172 998 1252 procul

234 1271 273 1333 In
294 1275 502 1353 praeparatas
524 1270 598 1333 Orci
619 1272 801 1334 aberrarem
822 1271 944 1352 plagas,

157 1391 209 1430 uta
238 1369 301 1431 Cur
322 1369 460 1432 animam
484 1372 517 1430 in
538 1370 602 1431 ista
622 1370 694 1430 luce
716 1368 881 1430 detineam
901 1369 1041 1449 amplius

235 1467 417 1548 Morerque‚
446 1466 526 1529 nihil
549 1470 608 1543 est,
638 1486 736 1546 quam
763 1467 854 1546 gravi
873 1467 1016 1547 impulsu
1037 1468 1144 1530 levem

235 1565 274 1627 ln
295 1586 349 1627 ore
371 1566 475 1646 primo
496 1569 593 1627 teneo
615 1567 804 1644 quassatam
824 1565 929 1627 malie.

236 1664 357 1725 Itinere
380 1667 467 1724 certo
489 1664 625 1746 aevique
647 1666 812 1724 momento
833 1663 923 1724 brevi

234 1762 276 1824 Et
297 1771 400 1824 morte
422 1761 508 1824 facili
529 1765 563 1823 et
584 1780 682 1841 saepe
704 1761 853 1840 quaesita
873 1780 955 1822 exeo
1041 1820 1043 1823 ,

154 1882 206 1921 noo
233 1859 286 1922 Ad
301 1861 424 1941 templa
438 1859 563 1922 divum:
580 1859 653 1939 quis
668 1859 748 1920 mihi
762 1860 823 1920 hoc
837 1861 982 1921 vestrum
996 1857 1152 1921 invidet‘l'

234 1959 355 2021 Secura
375 1959 503 2036 moriar,
525 1957 636 2036 nilque
657 1956 808 2018 morienti
828 1976 942 2019 necem

233 2057 301 2119 Aut
323 2057 484 2118 duriorem
505 2057 604 2119 faciet
625 2058 682 2117 aut
703 2055 843 2118 celerem
865 2054 973 2132 nimie,

235 2154 307 2215 Nisi
328 2154 414 2233 quod
435 2155 577 2233 nequibo
598 2158 709 2216 vestra
728 2153 916 2215 muneribus
938 2153 1006 2214 suis

238 2252 379 2313 Pensare
401 2251 518 2313 merita
539 2271 671 2333 pauper,
693 2251 809 2313 infelix
829 2252 915 2312 hera.

155 2370 207 2411 nen
236 2349 302 2412 Sed
323 2368 406 2429 quae
428 2348 547 2411 videtis
568 2350 712 2410 animum
733 2349 765 2410 in
788 2350 944 2413 extremis
963 2370 1073 2413 meum

235 2448 426 2527 Bonamque
447 2452 600 2524 mentem,
623 2448 728 2528 capite
751 2451 923 2509 contentae
944 2468 1059 2529 parum

234 2546 368 2609 Tabulis
388 2544 548 2622 relictum,
571 2544 658 2624 quod
680 2545 858 2607 voluntatis
880 2566 971 2608 meae

234 2643 275 2705 Et
296 2643 414 2706 amoris
435 2643 528 2722 ignes
549 2643 654 2704 mutui
676 2642 709 2703 in
730 2648 858 2705 vosmet
878 2654 969 2706 r'neos

235 2740 428 2803 Testabitur.
470 2741 603 2803 Miseria
624 2762 665 2803 ne
686 2741 803 2803 faciam
824 2745 916 2804 vetat

156 2860 207 2899 uro
236 2838 413 2901 Beatiores
454 2839 524 2901 Ista
545 2838 744 2901 fortitudinis

234 2924 393 3017 Exempla
413 2937 529 3017 reliqui
550 2939 632 2999 ferte
654 2938 846 3001 monimenti
865 2938 936 3000 loco

234 3034 277 3096 Et
297 3033 448 3116 pignoris,
470 3035 601 3114 quando
622 3036 711 3098 aliud
731 3035 819 3097 baud
839 3036 930 3098 licuit
952 3035 1038 3099 dare.

275 3131 346 3209 Quo
367 3137 414 3210 tu,
436 3131 570 3195 deorum
589 3152 727 3211 summe,
749 3138 825 3215 post
845 3136 993 3197 morbum
1013 3155 1119 3212 vocas,

233 3231 305 3307 Quo
327 3230 428 3307 ducis,
451 3230 501 3292 eia
521 3230 586 3293 iam
608 3251 736 3311 sequor,
759 3232 889 3294 demum
910 3252 1030 3313 sequor

154 3352 208 3391 rus
235 3331 288 3393 Ad
309 3333 359 3392 tot
379 3329 537 3391 malorum
558 3330 742 3407 terminum,
763 3330 806 3391 ad
825 3331 972 3411 requiem
992 3335 1083 3393 tuam

233 3428 296 3491 Per
318 3426 522 3509 auspicatum
542 3430 575 3489 te
597 3428 682 3489 bono
703 3427 817 3490 mortis
838 3428 925 3491 diem

234 3526 276 3587 Et
296 3526 485 3607 nuptialem,
508 3525 564 3605 qui
585 3544 676 3587 meos
697 3526 815 3602 luctus,
836 3546 928 3589 meas

136 3636 207 3690 [ero]
236 3622 344 3685 Vitam
365 3624 399 3685 in
419 3642 536 3685 novam
558 3623 698 3687 mutabit
719 3623 940 3703 aegritudines

1000 3744 1034 3795 4*
