2792 4200
466 205 662 260 ROVLERIVS,
682 205 831 249 STVARTA
845 205 865 248 Ι.

260 377 295 440 Si
316 377 531 454 conterantur,
553 379 714 457 quotquot
735 375 896 439 infaustus
917 394 991 437 reos

207 497 233 536 2⁵
262 475 389 556 Subigit
409 475 504 539 fateri
526 475 661 539 crimina
682 476 867 538 umbrarum
889 472 1017 550 arbiter,

259 573 320 636 Vbi
340 573 547 656 sempiternis
568 574 777 654 Phosphorus
798 573 913 654 poeuis
933 575 1073 653 praeest,

257 672 511 753 Supereminebo
534 677 659 750 cuncta,
681 672 738 753 qui
759 673 845 735 veris
866 676 960 754 pater

257 764 485 834 Adulterinam
505 772 664 852 partubus
685 776 796 834 natam
816 789 955 850 gravans

255 869 450 956 Aragonidis
470 869 606 950 repudia
627 868 763 950 pensavi
785 889 886 946 meae,

208 988 234 1027 oo
263 967 440 1045 Nefandus‚
462 968 668 1045 incestificus,
691 965 914 1030 exsecrabilis!

255 1066 323 1127 Nec
343 1065 416 1146 ipsa
436 1066 557 1128 frustra
577 1086 672 1128 versa
691 1070 809 1128 natura
831 1070 882 1128 est
902 1072 988 1128 retro

239 1163 420 1243 -Fidesque
441 1164 547 1243 prisca
568 1167 602 1225 et
621 1164 727 1244 prima
746 1163 871 1243 relligio
892 1165 985 1226 mihi:

257 1262 422 1324 Elizabeta
443 1268 545 1324 matre
565 1281 720 1341 germana
739 1267 811 1325 sata
833 1267 892 1339 est,

256 1358 346 1435 Quae
368 1359 472 1440 prima
492 1360 602 1422 foveat
622 1359 739 1440 dogma
760 1365 931 1440 cognatum
953 1361 1025 1438 sibi,

205 1477 231 1516 ³⁵
261 1457 437 1539 (lualisque
458 1478 570 1521 secum
592 1463 643 1520 est
663 1463 750 1537 nata,
772 1462 904 1520 tueatur
925 1459 1023 1521 fidem

256 1555 319 1616 Per
338 1556 438 1636 flagra
459 1560 492 1618 et
517 1557 609 1636 ignes
631 1563 664 1618 et
685 1576 813 1620 crucem
830 1561 864 1620 et
877 1557 999 1618 terrum
1020 1560 1054 1619 et
1067 1562 1173 1621 rotae.

255 1653 357 1730 Quam
381 1654 478 1735 digna
498 1658 636 1736 sceptro,
658 1655 728 1717 sive
749 1655 881 1736 flagitiis
902 1655 987 1716 calet

254 1751 443 1815 Libidinosa
462 1753 532 1816 sive
553 1753 734 1832 genitorem
755 1773 898 1834 sequens

256 1850 420 1914 Ecclesiae
442 1851 534 1914 audit
555 1851 711 1930 Anglicae
732 1852 837 1914 solum
860 1855 958 1932 caput

202 1970 229 2008 ιο
258 1947 423 2031 Supplicia
445 1950 513 2012 sive
535 1949 625 2012 varia
645 1949 789 2030 disponit
809 1951 902 2014 bonis

255 2047 323 2111 Nec
344 2048 483 2111 vinculis
504 2049 658 2113 damnare
680 2068 741 2112 nec
762 2050 828 2112 leto
849 2055 949 2130 pavet

249 2146 363 2208 Mundi
385 2147 564 2226 magistros
586 2152 662 2211 ante
684 2147 880 2225 Norlolcum‚
902 2149 1013 2211 statim

171 2257 238 2309 [nra]
262 2244 371 2323 Longo
392 2246 557 2309 Stuartam
578 2266 707 2309 carcere
729 2267 918 2328 oppressam
939 2252 973 2310 et
992 2250 1104 2312 malisl

255 2342 310 2404 Sic
331 2362 406 2422 ergo
427 2348 512 2420 nata,
535 2344 582 2406 sic
603 2364 698 2407 suum
719 2344 829 2408 vincat
848 2366 952 2425 genus

203 2460 230 2501 co
259 2440 377 2521 Meque
398 2442 604 2505 innocentem
624 2443 724 2506 faciat
744 2450 779 2506 et
799 2445 914 2506 inausa
934 2444 1063 2522 audeat,

253 2538 322 2616 Sic,
354 2538 401 2602 sic
426 2544 596 2620 parentem
621 2546 755 2621 superet
775 2542 864 2604 haud
885 2563 1027 2623 unquam
1050 2564 1170 2608 manus

254 2637 357 2700 Tanto
378 2642 527 2701 notatum
548 2640 716 2719 sanguine,
739 2645 773 2703 et
793 2641 920 2703 Morum
940 2642 1018 2704 licet

255 2734 512 2799 Obnuntiantem
530 2720 657 2801 'facibus
679 2743 714 2801 et
733 2738 847 2801 Roffae
869 2740 1010 2818 Patrem,

253 2833 346 2896 Licet
367 2835 525 2898 Bolenam
546 2836 615 2899 sive
637 2836 845 2900 Titheraeam
867 2858 986 2919 parens

202 2952 229 2991 so
258 2931 351 2994 Idem
372 2952 410 2995 ac
430 2935 566 2998 maritus
587 2936 715 3015 publice
738 2936 883 2999 dederim
903 2937 985 2999 neci.

255 3032 325 3110 Age
348 3052 367 3094 o
387 3052 529 3113 propago
551 3034 646 3111 clara,
667 3034 848 3114 genitorem
870 3036 976 3116 incipe

252 3128 394 3192 Probare
415 3130 519 3208 factis,
540 3131 676 3211 gloriam
697 3152 736 3194 ac
756 3132 870 3195 laudes
891 3152 982 3195 meas

253 3227 413 3308 Superare
436 3234 470 3291 et
490 3229 614 3310 aliquid
635 3231 753 3305 facere,
775 3232 1016 3311 propterquod
1037 3236 1134 3313 pater

254 3324 362 3388 Nolim
383 3332 551 3409 superstes
573 3347 655 3391 esse.
698 3329 753 3391 Sic
774 3328 883 3406 facies
905 3330 983 3407 scio,

201 3444 229 3485 rs
257 3424 299 3486 Et
319 3425 366 3487 sic
387 3445 423 3489 es
444 3430 523 3503 orta,
546 3426 669 3489 scelere
693 3425 825 3506 defungi
846 3428 911 3500 levi

254 3522 295 3584 Et
316 3523 436 3587 usitato
458 3529 551 3587 tanta
571 3524 725 3587 nobilitas
745 3526 874 3605 nequit,

254 3621 317 3683 Per
338 3642 436 3702 quarn
457 3642 603 3685 meorum
626 3623 805 3685 facinorum
828 3625 979 3705 exempla
999 3623 1149 3705 appetis:
