2792 4200
447 208 641 264 ROVLERIVS,
664 209 813 252 STVARTA
828 209 848 252 1.

242 380 343 443 Missa
364 380 397 441 in
417 383 555 461 nepotes
576 379 683 460 capita
705 398 869 442 sacrorum
890 385 925 443 et
945 379 1015 457 fori,

241 478 385 555 Quorum
405 478 564 542 institutis
585 483 723 558 utraque
744 477 868 539 firmavi
888 478 994 541 meis?

191 597 217 636 ao
246 576 330 654 Quin
351 597 403 640 me
426 577 518 659 quies
540 576 720 640 communis
742 581 776 638 et
796 577 937 657 placitus
957 597 1055 658 sopor

241 675 346 739 Solvit
366 678 542 756 paventem
565 681 598 738 et
618 677 781 738 consciam
801 674 943 755 ingentis
963 675 1064 739 mali?

239 773 303 837 Cur
324 775 417 839 dulce
439 794 557 838 munus
577 773 683 837 noctis
704 778 739 836 et
759 793 910 837 somnum
930 774 1024 853 iugis,

237 874 332 936 Mens
352 874 508 954 inquieta,
529 868 702 935 nec'metu
722 872 817 954 ponis
838 871 992 934 modum?

147 987 215 1038 [aaa]
243 972 314 1049 Illa,
336 972 401 1049 illa,
423 978 527 1035 terror
546 978 657 1036 noster
679 975 713 1034 et
733 971 824 1052 regui
845 971 918 1033 lues

188 1091 214 1129 es
243 1070 363 1134 Secuta
382 1071 465 1133 ritus
487 1090 591 1151 usque
612 1071 758 1134 diversos
779 1069 870 1147 nihil,

237 1168 369 1231 Nihilne
390 1169 473 1230 fovit
494 1169 606 1231 consili
628 1175 741 1232 contra
761 1169 861 1231 decus

238 1266 393 1328 Nostrum
414 1268 570 1330 Stuarta?
611 1268 726 1330 Nonne
747 1267 890 1329 Norfolci
911 1266 996 1346 petit

239 1363 383 1426 Conubia
404 1366 515 1427 furtim
537 1371 571 1428 et
592 1369 722 1428 exteros
743 1365 864 1428 nostris
885 1364 985 1428 duces

241 1463 392 1526 inimicat
412 1463 476 1527 oris
497 1465 615 1527 litteris
636 1465 862 1527 communibus

176 1581 216 1619 roo
243 1561 295 1623 Ad
316 1563 555 1642 transfugarum
575 1563 749 1644 principes,
771 1563 922 1644 quicum
944 1562 1013 1624 solo

239 1658 345 1722 Odere
367 1662 472 1742 patrio
493 1663 633 1743 patriam
654 1681 785 1742 semper
806 1660 926 1723 fidem?

237 1759 322 1821 Eaue
345 1779 420 1839 ergo
440 1760 544 1840 pestis
565 1781 669 1841 usque
691 1781 728 1822 se
749 1760 837 1822 fastu
858 1758 938 1820 mihi

235 1857 334 1919 Dabit
354 1858 559 1921 timendam?
601 1858 782 1922 Stemmate
804 1858 938 1938 antiquo
960 1856 1099 1936 Angliae

235 1955 352 2019 Adhuc
372 1958 520 2039 superbit
539 1978 659 2020 nomen
680 1957 850 2020 adfectans
870 1957 968 2019 berae

172 2075 211 2114 105
239 2054 278 2117 ln
299 2055 439 2119 subditis
460 2059 529 2139 (pro
551 2055 670 2119 nimius
692 2061 727 2119 et
747 2056 868 2120 durans
889 2057 1024 2134 tumori)

237 2152 386 2217 Nostris?
427 2155 469 2218 Et
490 2155 650 2233 instituta,
673 2175 758 2236 quae
779 2155 941 2217 Henricus
962 2160 1056 2234 pater

237 2251 401 2315 Divinitus
422 2252 571 2331 correxit,
592 2253 724 2315 inimica
745 2255 879 2333 abrogat

237 2349 278 2411 Et
299 2369 397 2431 saepe
418 2351 559 2413 coniunx
581 2352 752 2432 coniugum
774 2352 841 2414 leto
863 2351 998 2413 madens

239 2446 280 2507 Et
300 2448 423 2511 scelere
445 2468 574 2530 semper
594 2451 772 2514 sceleribus
794 2469 954 2532 quaerens
972 2448 1056 2511 iter?

171 2566 210 2604 no
239 2544 306 2626 Ego
327 2547 425 2627 lenta,
447 2548 544 2626 luere,
567 2549 695 2611 enervis
717 2555 759 2626 et,
782 2548 870 2630 quod
891 2548 1069 2611 maximum

234 2644 392 2708 Probrum
413 2648 447 2709 in
468 2647 629 2729 supremis
650 2649 748 2710 rebus
768 2647 904 2727 imperio
925 2666 1006 2724 reor,

234 2741 344 2806 Inulta
364 2749 440 2826 post
460 2750 510 2808 tot
530 2745 663 2820 scelera,
684 2750 760 2827 post
781 2751 891 2808 tantos
911 2749 1019 2808 metus

236 2840 306 2903 Iras
326 2842 439 2906 inanes
459 2843 635 2924 gemitibus
656 2844 779 2924 pressis
800 2864 860 2924 ago

235 2938 409 3021 Teneoque
430 2942 544 3005 vinclis
565 2942 785 3006 undevicenos
806 2963 895 3005 ream

166 3058 206 3096 115
233 3038 357 3117 AnnoS,
378 3040 484 3121 perire
505 3046 608 3103 morte
630 3061 728 3123 quarn
749 3041 837 3103 volui
858 3045 976 3104 tamen.

233 3136 295 3199 Illa
316 3158 376 3217 ego
397 3138 566 3219 utriusque
587 3140 721 3215 Phoebi,
744 3139 913 3220 utriusque
935 3145 969 3201 et
989 3140 1056 3220 poli

235 3235 418 3299 Elizabetae
439 3238 570 3301 nomine
591 3238 725 3319 implevi
745 3238 879 3319 plagas?

233 3334 330 3398 Potui
351 3336 510 3418 imperato
531 3336 681 3417 protinus
702 3337 769 3400 leto
790 3337 874 3400 meis

232 3434 349 3497 Delere
370 3437 476 3513 terris,
498 3441 644 3516 tempore
666 3436 701 3497 in
722 3435 826 3515 primo
847 3438 960 3501 statim

137 3548 207 3601 [aab]
236 3533 354 3596 Delere
375 3535 467 3615 potui
488 3534 595 3615 patria
615 3538 789 3612 extorrem,
811 3538 968 3615 exsulem,

233 3632 384 3713 Inopem;
406 3632 553 3715 peperci:
577 3632 667 3697 vivit.
711 3633 738 3694 Ο
760 3633 870 3698 lentus
892 3635 998 3700 dolori
