2792 4200
432 228 627 284 ROVLERIVS,
643 229 800 272 STVARTA.
816 228 847 270 V.

234 402 339 465 Audis
360 403 494 483 profana
515 402 642 465 caedier
655 401 778 464 dextra
799 404 920 482 caput?
967 425 970 431 ·

234 501 304 564 Nec
323 500 455 582 penitus
475 500 561 581 adigi
582 501 722 563 vulnus?
743 500 781 562 In
802 498 910 562 medio
931 503 1051 581 stupet.

155 621 208 660 1⁴90
235 601 358 662 Habet:
380 605 548 680 peractum
570 603 628 662 est.
664 599 792 661 Pendet
813 597 930 678 exigua
950 597 1036 660 male

227 696 280 759 ‘Os
302 701 506 778 amputatum
528 701 629 778 parte,
652 701 686 759 et
707 696 782 758 hinc
802 701 916 758 trunco
937 716 1032 758 cruor

234 795 397 872 Exundal,
419 795 509 857 illinc
530 795 636 874 regius
658 799 774 857 vertex
794 795 887 857 iacet.

234 893 346 969 Video,
367 894 446 955 licet
465 897 600 970 semota,
623 893 804 974 perlectum
825 893 883 955 nef
920 943 927 956 .

233 993 318 1069 Heu,
339 992 414 1069 heu,
437 990 507 1053 dies
529 995 562 1054 et
582 991 735 1054 Phoebus
756 992 816 1054 hos
837 993 946 1054 obitus
965 991 1056 1053 videt

154 1110 207 1151 ron
234 1090 304 1152 Nec
324 1090 547 1170 reprimitora
567 1088 760 1170 sonipedum
782 1093 816 1150 et
835 1089 938 1152 flectit
957 1093 1044 1153 retro

236 1187 372 1250 Cursum
393 1191 548 1251 suorum?
568 1187 605 1251 Si
625 1189 843 1269 Thyestaeam
864 1189 1027 1268 impotens

236 1286 391 1366 Spectare
413 1307 535 1364 cenam,
558 1307 641 1367 quae
663 1287 771 1349 minus
793 1286 900 1349 damni
923 1285 1007 1363 tulit,
1133 1276 1135 1279 ¹

235 1385 321 1446 Hinc
341 1385 417 1446 hinc
437 1390 573 1462 reverte,
597 1384 661 1462 Sol,
684 1384 876 1447 anhelantes
898 1404 1008 1465 equoS,

234 1483 373 1546 Bissena
394 1504 489 1546 cursu
511 1485 603 1564 signa
624 1484 680 1565 qui
701 1483 791 1546 vario
812 1483 907 1563 regis,

154 1601 206 1640 reon
234 1581 379 1643 Immitte
401 1584 546 1645 noctem:
568 1586 682 1662 pereat
701 1582 754 1644 hic
775 1580 895 1642 mundo
917 1580 987 1642 dies
1079 1641 1082 1647 ,

233 1678 276 1741 Et
295 1679 353 1740 lux
374 1681 490 1742 acerba
511 1684 545 1742 et
565 1680 684 1743 Albion
705 1681 863 1742 scelernm
885 1693 995 1758 capax.

466 1831 602 1895 Puella
621 1831 801 1894 secunda.

144 1955 205 2006 [aaa]
235 1938 339 2015 (luam
361 1943 489 2020 spectat
510 1940 575 2002 alto
597 1940 741 2001 sontium
762 1938 881 2001 vindex
902 1958 1015 2000 necem

233 2037 390 2101 Pensabit
412 2037 497 2101 ultor
518 2037 619 2114 clade,
641 2035 670 2101 si
691 2057 773 2114 sero,
794 2038 893 2116 gravi.

274 2136 425 2198 Visamus
447 2125 566 2213 antedi,
588 2137 684 2213 socia,
707 2136 763 2216 qui
785 2135 933 2197 dominae
956 2140 1055 2215 queat

155 2254 207 2293 1505
236 2234 320 2296 Tolli
341 2234 490 2296 cadaver:
513 2234 643 2295 nornine
665 2238 699 2295 et
720 2234 836 2313 capite,
858 2252 878 2294 o
899 2232 997 2308 dolor,

234 2333 375 2394 Viduum
397 2352 511 2395 sereno
533 2331 669 2395 sindone
690 2331 812 2394 involvi
833 2330 937 2393 decet.

234 2430 330 2492 Modo
352 2430 443 2492 sidus
464 2431 550 2493 orbis
572 2431 722 2492 columen
743 2430 896 2510 antiquae
918 2428 1041 2491 domus.

156 2590 367 2670 Borumgus
390 2592 528 2654 lictore
552 2595 758 2653 exserente
779 2589 960 2652 Stuartae
984 2592 1107 2669 caput.

274 2708 430 2771 Inanibus
451 2708 604 2769 simulata
624 2706 841 2787 nequicquam
863 2705 986 2767 artibus

235 2805 285 2867 Eu
306 2826 361 2867 ora
380 2805 606 2869 fraudulentae
628 2810 662 2868 et
683 2806 835 2867 incanum
855 2808 961 2885 caput,

157 2924 209 2963 nno
238 2902 332 2979 Quod
353 2905 566 2984 Anglicanum
588 2923 707 2967 nornen
729 2908 762 2965 et
783 2922 915 2964 avorum
937 2902 1034 2964 fidem

235 3003 318 3065 Atra
337 3004 471 3084 petebat
493 3002 607 3065 Martis
627 3001 746 3064 occulti
767 3002 847 3063 lace.

236 3100 327 3177 Quae
347 3101 530 3182 pertinaces
550 3101 704 3181 praemiis
725 3098 857 3181 paribus
878 3099 954 3160 beet

235 3199 380 3261 Melioris
400 3199 512 3261 hostes
534 3202 659 3261 ceteros
681 3196 836 3278 evangeli,

236 3298 434 3360 Elizabetam
455 3301 565 3359 servet
585 3296 721 3377 imperio
742 3296 840 3357 Deus.

191 3450 352 3512 Puellae
374 3448 524 3529 reliquo
546 3468 629 3511 cum
650 3448 772 3511 Choro
794 3447 898 3510 duae.
940 3447 1081 3509 AmiaS.

156 3577 209 3616 1615
237 3556 395 3619 Permitte
415 3555 508 3619 reddi
529 3574 645 3637 corpus
666 3555 861 3631 exanimum,
884 3554 987 3631 Amic,

235 3653 337 3718 Nobis
358 3660 392 3717 et
412 3655 512 3732 aufer,
534 3654 592 3726 eia
615 3653 753 3716 carnifici
775 3654 874 3716 effero
