2792 4200
222 238 268 300 30
528 233 723 288 ROVLERIVS,
740 233 897 276 STVARTA.
926 233 958 276 11.

673 403 814 466 Anias.

335 513 379 575 Es
399 511 557 591 Anglicae
578 510 707 592 privata
728 511 859 590 reginae
882 510 992 572 cliens

656 642 827 707 Stuarta.

336 753 410 830 Qua
430 753 502 832 lege
524 751 657 814 tandem
678 750 800 812 subdor
820 751 998 831 Anglorum
1021 751 1117 815 duci?

671 882 811 946 Amias

268 1013 311 1054 noo
340 993 492 1074 Suscepit
513 992 554 1055 ad
575 1012 610 1054 se
631 994 732 1071 teque
753 991 898 1081 protexit
919 1011 1020 1054 suam.

658 1124 827 1188 Stuarta.

339 1231 511 1296 Protexit‘?
554 1232 653 1295 Oius
674 1232 837 1312 gentium!
879 1231 994 1294 Nonne
1016 1231 1120 1294 audiit
1205 1274 1209 1280 -

338 1332 450 1412 Atque
470 1330 627 1406 incitavit,
650 1329 707 1410 qui
728 1329 822 1392 malis
843 1334 956 1391 contra
975 1329 1073 1392 fidem

339 1428 482 1491 Onerare
503 1427 595 1491 falsis
616 1428 796 1509 principem
816 1427 989 1505 audebant,
1011 1430 1125 1491 meos?

339 1527 419 1604 Quis
440 1531 507 1589 tam
528 1527 642 1600 lerum,
664 1530 731 1588 tam
755 1523 847 1588 triste
868 1525 1053 1606 praeteritis
1074 1525 1166 1588 nefas

268 1654 311 1695 aar
340 1625 503 1706 &portus
524 1625 642 1687 annis?
683 1623 769 1700 Quid
789 1624 879 1705 prius
900 1626 1041 1703 querar?
1081 1623 1195 1701 Tuam,

339 1723 453 1786 Sontas
474 1722 595 1785 tenello
615 1723 693 1784 flore
716 1722 772 1803 qui
792 1728 908 1802 gentes
928 1721 1023 1801 regia,

339 1821 455 1883 Iacobo
476 1820 545 1882 fili?
579 1819 640 1882 Vel
660 1821 827 1900 genitricis
848 1821 978 1883 vicem?

337 1919 515 1998 Vtriusque
535 1918 665 2000 pariter,
687 1923 832 1981 attamen
854 1919 963 1999 potius
984 1937 1105 1980 meam:

340 2015 439 2079 Cuius
460 2019 600 2099 superba
620 2018 745 2099 sprevit
767 2016 875 2079 herois
896 2035 1019 2096 preces

269 2132 311 2174 oro
338 2116 381 2178 Et
400 2117 468 2180 fors
488 2121 656 2197 parentem
678 2119 831 2197 properat
851 2115 993 2195 indignis
1013 2114 1074 2177 tibi

337 2215 475 2277 Auferre
497 2214 581 2277 fatis.
623 2214 765 2277 Caelites
786 2213 903 2276 fallant
922 2218 1055 2275 metum.

513 2366 669 2429 Chorus
691 2364 966 2445 Captivorum.

337 2472 436 2551 GenS,
458 2472 646 2553 quaeritas
668 2472 768 2535 coluit
788 2472 923 2553 priscos,

339 2571 410 2648 Qua
431 2570 578 2633 Iordanis
599 2571 720 2633 labitur
740 2570 836 2645 unda,

338 2669 506 2731 Pecudum
526 2668 615 2731 fibris
637 2672 671 2732 et
690 2672 763 2731 ture
785 2668 883 2729 litans

237 2787 313 2840 surb]
342 2766 384 2830 Et
405 2786 489 2848 quae
510 2767 616 2829 cultus
637 2764 789 2846 amplexa
809 2764 870 2825 Dei

255 2853 259 2859 ¹
338 2864 414 2928 Rite
436 2868 573 2927 novatos
593 2869 629 2927 et
649 2864 801 2926 meliores

338 2963 424 3043 Lege
444 2962 553 3045 priori,
575 2963 604 3025 si
625 2961 756 3044 quando
777 2981 855 3024 suae

338 3060 517 3141 Religionis
538 3060 674 3142 tempsit
693 3060 849 3123 honorem

338 3158 399 3221 Vel
418 3158 573 3223 falsorum
594 3158 768 3223 simulacra
789 3158 887 3221 deum

214 3262 215 3266 ’
264 3278 310 3319 ooo
339 3256 399 3319 Vel
419 3257 517 3338 plena
537 3257 612 3320 dolo
632 3257 716 3321 scita
735 3276 892 3319 novorum

338 3356 470 3418 Sectata
490 3356 610 3420 virum:
634 3359 783 3437 quantos,
805 3355 899 3432 eheu,

338 3454 489 3534 Quotque
510 3455 638 3518 labores
659 3454 833 3535 cladesque
854 3452 943 3515 tulitl

338 3552 421 3615 Nam
442 3552 537 3615 modo
558 3572 690 3634 pugnax
711 3553 838 3615 nullum
859 3571 879 3614 a
898 3555 989 3631 tergo

337 3651 429 3715 Tunc
449 3651 627 3733 respiciens
647 3650 758 3715 Sisara
778 3651 905 3713 clavum
