<?xml version="1.0" encoding="UTF-8"?>
<!DOCTYPE html PUBLIC "-//W3C//DTD XHTML 1.0 Transitional//EN"
    "http://www.w3.org/TR/xhtml1/DTD/xhtml1-transitional.dtd">
<html xmlns="http://www.w3.org/1999/xhtml" xml:lang="en" lang="en">
 <head>
  <title>
</title>
<meta http-equiv="Content-Type" content="text/html;charset=utf-8" />
  <meta name='ocr-system' content='tesseract 3.04.00' />
  <meta name='ocr-capabilities' content='ocr_page ocr_carea ocr_par ocr_line ocrx_word'/>
</head>
<body>
  <div class='ocr_page' id='page_1' title='image "adrianvsrovleri00woergoog_0047.png"; bbox 0 0 2792 4200; ppageno 0'>
   <div class='ocr_carea' id='block_1_1' title="bbox 232 182 959 246">
    <p class='ocr_par' dir='ltr' id='par_1_1' title="bbox 232 182 959 246">
     <span class='ocr_line' id='line_1_1' title="bbox 232 182 959 246; baseline 0.004 -23"><span class='ocrx_word' id='word_1_1' title='bbox 232 184 274 246; x_wconf 76' lang='lat'><strong>22</strong></span> <span class='ocrx_word' id='word_1_2' title='bbox 529 182 725 236; x_wconf 72' lang='lat' dir='ltr'><strong>ROVIAERIVS,</strong></span> <span class='ocrx_word' id='word_1_3' title='bbox 740 183 897 226; x_wconf 78' lang='lat' dir='ltr'><strong>STVARTA.</strong></span> <span class='ocrx_word' id='word_1_4' title='bbox 926 184 959 226; x_wconf 86' lang='grc' dir='ltr'><strong>Π.</strong></span> 
     </span>
    </p>
   </div>
   <div class='ocr_carea' id='block_1_2' title="bbox 227 351 1194 3667">
    <p class='ocr_par' dir='ltr' id='par_1_2' title="bbox 243 351 1171 1314">
     <span class='ocr_line' id='line_1_2' title="bbox 274 351 1030 436; baseline 0.004 -23"><span class='ocrx_word' id='word_1_5' title='bbox 274 374 314 413; x_wconf 82' lang='lat' dir='ltr'><strong>em</strong></span> <span class='ocrx_word' id='word_1_6' title='bbox 342 351 456 432; x_wconf 85' lang='lat' dir='ltr'><strong>Regna</strong></span> <span class='ocrx_word' id='word_1_7' title='bbox 476 351 648 432; x_wconf 90' lang='lat' dir='ltr'><strong>impiorum</strong></span> <span class='ocrx_word' id='word_1_8' title='bbox 670 352 839 436; x_wconf 83' lang='lat' dir='ltr'><strong>dogmatis</strong></span> <span class='ocrx_word' id='word_1_9' title='bbox 851 353 1030 434; x_wconf 86' lang='lat' dir='ltr'><strong>deperdita.</strong></span> 
     </span>
     <span class='ocr_line' id='line_1_3' title="bbox 341 435 1091 533; baseline 0.004 -22"><span class='ocrx_word' id='word_1_10' title='bbox 341 435 411 526; x_wconf 77' lang='lat' dir='ltr'><strong>Qui.</strong></span> <span class='ocrx_word' id='word_1_11' title='bbox 424 454 503 512; x_wconf 90' lang='lat' dir='ltr'><strong>tunc</strong></span> <span class='ocrx_word' id='word_1_12' title='bbox 524 470 632 512; x_wconf 91' lang='lat' dir='ltr'><strong>meum</strong></span> <span class='ocrx_word' id='word_1_13' title='bbox 653 451 777 531; x_wconf 90' lang='lat' dir='ltr'><strong>petiere</strong></span> <span class='ocrx_word' id='word_1_14' title='bbox 798 451 971 513; x_wconf 82' lang='lat' dir='ltr'><strong>conubium</strong></span> <span class='ocrx_word' id='word_1_15' title='bbox 993 454 1091 533; x_wconf 88' lang='lat' dir='ltr'><strong>proci,</strong></span> 
     </span>
     <span class='ocr_line' id='line_1_4' title="bbox 339 547 1171 628; baseline 0.007 -19"><span class='ocrx_word' id='word_1_16' title='bbox 339 547 533 628; x_wconf 83' lang='lat' dir='ltr'><strong>Priusquam</strong></span> <span class='ocrx_word' id='word_1_17' title='bbox 554 549 694 611; x_wconf 90' lang='lat' dir='ltr'><strong>eundem</strong></span> <span class='ocrx_word' id='word_1_18' title='bbox 715 568 862 628; x_wconf 84' lang='lat' dir='ltr'>premere</span> <span class='ocrx_word' id='word_1_19' title='bbox 883 549 1041 614; x_wconf 87' lang='lat' dir='ltr'><strong>Darlaeus</strong></span> <span class='ocrx_word' id='word_1_20' title='bbox 1062 557 1171 615; x_wconf 90' lang='lat' dir='ltr'><strong>torum</strong></span> 
     </span>
     <span class='ocr_line' id='line_1_5' title="bbox 341 645 1059 726; baseline 0.006 -20"><span class='ocrx_word' id='word_1_21' title='bbox 341 646 385 706; x_wconf 89' lang='lat' dir='ltr'><strong>Et</strong></span> <span class='ocrx_word' id='word_1_22' title='bbox 406 645 512 708; x_wconf 85' lang='lat' dir='ltr'><strong>facere</strong></span> <span class='ocrx_word' id='word_1_23' title='bbox 532 651 669 708; x_wconf 89' lang='lat' dir='ltr'><strong>matrem</strong></span> <span class='ocrx_word' id='word_1_24' title='bbox 691 651 804 726; x_wconf 87' lang='lat' dir='ltr'><strong>posset</strong></span> <span class='ocrx_word' id='word_1_25' title='bbox 824 646 938 708; x_wconf 81' lang='lat' dir='ltr'><strong>infelix</strong></span> <span class='ocrx_word' id='word_1_26' title='bbox 960 652 1059 724; x_wconf 88' lang='lat' dir='ltr'><strong>tuam,</strong></span> 
     </span>
     <span class='ocr_line' id='line_1_6' title="bbox 243 745 982 828; baseline 0 -22"><span class='ocrx_word' id='word_1_27' title='bbox 243 763 308 814; x_wconf 69' lang='lat' dir='ltr'><strong>[cre]</strong></span> <span class='ocrx_word' id='word_1_28' title='bbox 338 745 455 808; x_wconf 88' lang='lat' dir='ltr'><strong>Iacobe</strong></span> <span class='ocrx_word' id='word_1_29' title='bbox 477 745 532 823; x_wconf 86' lang='lat' dir='ltr'><strong>fili,</strong></span> <span class='ocrx_word' id='word_1_30' title='bbox 553 746 606 808; x_wconf 91' lang='lat' dir='ltr'><strong>cui</strong></span> <span class='ocrx_word' id='word_1_31' title='bbox 626 745 723 806; x_wconf 90' lang='lat' dir='ltr'><strong>nimis</strong></span> <span class='ocrx_word' id='word_1_32' title='bbox 744 747 863 819; x_wconf 87' lang='lat' dir='ltr'><strong>metuo,</strong></span> <span class='ocrx_word' id='word_1_33' title='bbox 885 745 982 828; x_wconf 85' lang='lat' dir='ltr'><strong>nimis</strong></span> 
     </span>
     <span class='ocr_line' id='line_1_7' title="bbox 272 842 1137 924; baseline 0.002 -21"><span class='ocrx_word' id='word_1_34' title='bbox 272 865 311 903; x_wconf 77' lang='lat'><strong>345</strong></span> <span class='ocrx_word' id='word_1_35' title='bbox 338 843 391 904; x_wconf 89' lang='lat' dir='ltr'><strong>Ab</strong></span> <span class='ocrx_word' id='word_1_36' title='bbox 411 843 627 924; x_wconf 80' lang='lat' dir='ltr'><strong>impotentum</strong></span> <span class='ocrx_word' id='word_1_37' title='bbox 648 842 797 903; x_wconf 86' lang='lat' dir='ltr'><strong>manibus</strong></span> <span class='ocrx_word' id='word_1_38' title='bbox 817 842 997 920; x_wconf 89' lang='lat' dir='ltr'><strong>homicidis,</strong></span> <span class='ocrx_word' id='word_1_39' title='bbox 1019 844 1137 922; x_wconf 93' lang='lat' dir='ltr'><strong>quibus</strong></span> 
     </span>
     <span class='ocr_line' id='line_1_8' title="bbox 339 939 1044 1020; baseline -0.001 -16"><span class='ocrx_word' id='word_1_40' title='bbox 339 941 425 1004; x_wconf 90' lang='lat' dir='ltr'><strong>Huic</strong></span> <span class='ocrx_word' id='word_1_41' title='bbox 446 940 557 1003; x_wconf 90' lang='lat' dir='ltr'><strong>vertici</strong></span> <span class='ocrx_word' id='word_1_42' title='bbox 579 939 728 1002; x_wconf 88' lang='lat' dir='ltr'><strong>diadema</strong></span> <span class='ocrx_word' id='word_1_43' title='bbox 748 939 929 1002; x_wconf 89' lang='lat' dir='ltr'><strong>detractum</strong></span> <span class='ocrx_word' id='word_1_44' title='bbox 949 941 1044 1020; x_wconf 71' lang='lat' dir='ltr'><strong>geris</strong></span> 
     </span>
     <span class='ocr_line' id='line_1_9' title="bbox 339 1036 1039 1118; baseline 0.001 -18"><span class='ocrx_word' id='word_1_45' title='bbox 339 1039 389 1100; x_wconf 90' lang='lat' dir='ltr'><strong>Tu</strong></span> <span class='ocrx_word' id='word_1_46' title='bbox 410 1059 467 1101; x_wconf 86' lang='lat' dir='ltr'><strong>rex</strong></span> <span class='ocrx_word' id='word_1_47' title='bbox 488 1038 577 1100; x_wconf 90' lang='lat' dir='ltr'><strong>inani</strong></span> <span class='ocrx_word' id='word_1_48' title='bbox 596 1037 740 1100; x_wconf 90' lang='lat' dir='ltr'><strong>nomine:</strong></span> <span class='ocrx_word' id='word_1_49' title='bbox 762 1036 785 1098; x_wconf 90' lang='lat' dir='ltr'><strong>ii</strong></span> <span class='ocrx_word' id='word_1_50' title='bbox 806 1058 918 1118; x_wconf 77' lang='lat' dir='ltr'><strong>regum</strong></span> <span class='ocrx_word' id='word_1_51' title='bbox 940 1039 1039 1101; x_wconf 90' lang='lat' dir='ltr'><strong>duces</strong></span> 
     </span>
     <span class='ocr_line' id='line_1_10' title="bbox 258 1136 1060 1199; baseline 0.001 -1"><span class='ocrx_word' id='word_1_52' title='bbox 258 1155 259 1159; x_wconf 70' lang='grc'>’</span> <span class='ocrx_word' id='word_1_53' title='bbox 339 1137 392 1198; x_wconf 82' lang='lat' dir='ltr'><strong>Ad</strong></span> <span class='ocrx_word' id='word_1_54' title='bbox 413 1136 587 1198; x_wconf 82' lang='lat' dir='ltr'><strong>arbitratus</strong></span> <span class='ocrx_word' id='word_1_55' title='bbox 609 1140 726 1198; x_wconf 87' lang='lat' dir='ltr'><strong>cuncta</strong></span> <span class='ocrx_word' id='word_1_56' title='bbox 746 1136 955 1198; x_wconf 81' lang='lat' dir='ltr'><strong>moderantur</strong></span> <span class='ocrx_word' id='word_1_57' title='bbox 975 1156 1060 1199; x_wconf 81' lang='lat' dir='ltr'><strong>suos,</strong></span> 
     </span>
     <span class='ocr_line' id='line_1_11' title="bbox 340 1233 1128 1314; baseline 0 -19"><span class='ocrx_word' id='word_1_58' title='bbox 340 1235 455 1296; x_wconf 81' lang='lat' dir='ltr'><strong>Testor</strong></span> <span class='ocrx_word' id='word_1_59' title='bbox 476 1233 657 1296; x_wconf 87' lang='lat' dir='ltr'><strong>Tonantem</strong></span> <span class='ocrx_word' id='word_1_60' title='bbox 677 1233 748 1297; x_wconf 92' lang='lat' dir='ltr'><strong>iure</strong></span> <span class='ocrx_word' id='word_1_61' title='bbox 769 1254 834 1296; x_wconf 91' lang='lat' dir='ltr'><strong>non</strong></span> <span class='ocrx_word' id='word_1_62' title='bbox 855 1235 1018 1314; x_wconf 90' lang='lat' dir='ltr'><strong>placidum</strong></span> <span class='ocrx_word' id='word_1_63' title='bbox 1040 1234 1128 1311; x_wconf 88' lang='lat' dir='ltr'><strong>mihi,</strong></span> 
     </span>
    </p>

    <p class='ocr_par' dir='ltr' id='par_1_3' title="bbox 227 1331 1191 1706">
     <span class='ocr_line' id='line_1_12' title="bbox 227 1331 1177 1412; baseline -0.005 -14"><span class='ocrx_word' id='word_1_64' title='bbox 227 1395 228 1398; x_wconf 74' lang='grc'>,</span> <span class='ocrx_word' id='word_1_65' title='bbox 272 1355 312 1394; x_wconf 77' lang='lat'><strong>³50</strong></span> <span class='ocrx_word' id='word_1_66' title='bbox 339 1331 402 1393; x_wconf 84' lang='lat' dir='ltr'><strong>Vbi</strong></span> <span class='ocrx_word' id='word_1_67' title='bbox 423 1331 550 1394; x_wconf 80' lang='lat' dir='ltr'><strong>Scotica</strong></span> <span class='ocrx_word' id='word_1_68' title='bbox 571 1331 685 1394; x_wconf 92' lang='lat' dir='ltr'><strong>divum·</strong></span> <span class='ocrx_word' id='word_1_69' title='bbox 704 1333 826 1412; x_wconf 87' lang='lat' dir='ltr'><strong>templa</strong></span> <span class='ocrx_word' id='word_1_70' title='bbox 847 1337 1031 1412; x_wconf 87' lang='lat' dir='ltr'><strong>spretorum</strong></span> <span class='ocrx_word' id='word_1_71' title='bbox 1052 1333 1177 1410; x_wconf 87' lang='lat' dir='ltr'><strong>iacent;</strong></span> 
     </span>
     <span class='ocr_line' id='line_1_13' title="bbox 340 1429 1055 1511; baseline 0.001 -21"><span class='ocrx_word' id='word_1_72' title='bbox 340 1429 455 1492; x_wconf 85' lang='lat' dir='ltr'><strong>Testor</strong></span> <span class='ocrx_word' id='word_1_73' title='bbox 476 1429 583 1492; x_wconf 89' lang='lat' dir='ltr'><strong>mariti</strong></span> <span class='ocrx_word' id='word_1_74' title='bbox 603 1431 771 1510; x_wconf 88' lang='lat' dir='ltr'><strong>pulverem</strong></span> <span class='ocrx_word' id='word_1_75' title='bbox 792 1432 939 1511; x_wconf 89' lang='lat' dir='ltr'><strong>oppressi</strong></span> <span class='ocrx_word' id='word_1_76' title='bbox 960 1432 1055 1510; x_wconf 82' lang='lat' dir='ltr'><strong>rogis,</strong></span> 
     </span>
     <span class='ocr_line' id='line_1_14' title="bbox 340 1527 1191 1608; baseline 0.005 -20"><span class='ocrx_word' id='word_1_77' title='bbox 340 1527 444 1603; x_wconf 75' lang='lat' dir='ltr'><strong>Quem</strong></span> <span class='ocrx_word' id='word_1_78' title='bbox 466 1528 593 1591; x_wconf 90' lang='lat' dir='ltr'><strong>subitus</strong></span> <span class='ocrx_word' id='word_1_79' title='bbox 613 1528 697 1607; x_wconf 88' lang='lat' dir='ltr'><strong>ignis</strong></span> <span class='ocrx_word' id='word_1_80' title='bbox 717 1533 805 1590; x_wconf 89' lang='lat' dir='ltr'><strong>teoto</strong></span> <span class='ocrx_word' id='word_1_81' title='bbox 826 1528 1051 1608; x_wconf 85' lang='lat' dir='ltr'><strong>Edemburgae</strong></span> <span class='ocrx_word' id='word_1_82' title='bbox 1072 1530 1191 1606; x_wconf 88' lang='lat' dir='ltr'><strong>obruit,</strong></span> 
     </span>
     <span class='ocr_line' id='line_1_15' title="bbox 340 1626 1031 1706; baseline 0.004 -20"><span class='ocrx_word' id='word_1_83' title='bbox 340 1626 446 1687; x_wconf 91' lang='lat' dir='ltr'><strong>Tuum</strong></span> <span class='ocrx_word' id='word_1_84' title='bbox 467 1631 602 1706; x_wconf 85' lang='lat' dir='ltr'><strong>patrem,</strong></span> <span class='ocrx_word' id='word_1_85' title='bbox 624 1626 750 1703; x_wconf 83' lang='lat' dir='ltr'><strong>Iacche,</strong></span> <span class='ocrx_word' id='word_1_86' title='bbox 772 1626 905 1688; x_wconf 89' lang='lat' dir='ltr'><strong>delicias</strong></span> <span class='ocrx_word' id='word_1_87' title='bbox 925 1647 1031 1689; x_wconf 87' lang='lat' dir='ltr'><strong>meas:</strong></span> 
     </span>
    </p>

    <p class='ocr_par' dir='ltr' id='par_1_4' title="bbox 338 1724 1130 1804">
     <span class='ocr_line' id='line_1_16' title="bbox 338 1724 1130 1804; baseline 0.003 -19"><span class='ocrx_word' id='word_1_88' title='bbox 338 1724 412 1786; x_wconf 90' lang='lat' dir='ltr'><strong>Non</strong></span> <span class='ocrx_word' id='word_1_89' title='bbox 434 1729 484 1786; x_wconf 89' lang='lat' dir='ltr'><strong>est</strong></span> <span class='ocrx_word' id='word_1_90' title='bbox 505 1744 618 1786; x_wconf 89' lang='lat' dir='ltr'><strong>recens</strong></span> <span class='ocrx_word' id='word_1_91' title='bbox 639 1724 691 1787; x_wconf 89' lang='lat' dir='ltr'><strong>hic</strong></span> <span class='ocrx_word' id='word_1_92' title='bbox 711 1724 782 1804; x_wconf 91' lang='lat' dir='ltr'><strong>ipse</strong></span> <span class='ocrx_word' id='word_1_93' title='bbox 803 1744 868 1804; x_wconf 88' lang='lat' dir='ltr'><strong>quo</strong></span> <span class='ocrx_word' id='word_1_94' title='bbox 888 1744 992 1804; x_wconf 86' lang='lat' dir='ltr'><strong>paveo</strong></span> <span class='ocrx_word' id='word_1_95' title='bbox 1013 1730 1130 1788; x_wconf 91' lang='lat' dir='ltr'><strong>metus.</strong></span> 
     </span>
    </p>

    <p class='ocr_par' dir='ltr' id='par_1_5' title="bbox 272 1822 1129 2297">
     <span class='ocr_line' id='line_1_17' title="bbox 272 1822 1126 1903; baseline -0.001 -17"><span class='ocrx_word' id='word_1_96' title='bbox 272 1845 312 1886; x_wconf 72' lang='lat' dir='ltr'><strong>aas</strong></span> <span class='ocrx_word' id='word_1_97' title='bbox 340 1822 413 1884; x_wconf 90' lang='lat' dir='ltr'><strong>Tibi</strong></span> <span class='ocrx_word' id='word_1_98' title='bbox 433 1822 588 1885; x_wconf 89' lang='lat' dir='ltr'><strong>timebam</strong></span> <span class='ocrx_word' id='word_1_99' title='bbox 608 1841 758 1903; x_wconf 86' lang='lat' dir='ltr'><strong>namque,</strong></span> <span class='ocrx_word' id='word_1_100' title='bbox 780 1841 853 1885; x_wconf 91' lang='lat' dir='ltr'><strong>cum</strong></span> <span class='ocrx_word' id='word_1_101' title='bbox 874 1823 1018 1885; x_wconf 92' lang='lat' dir='ltr'><strong>nondum</strong></span> <span class='ocrx_word' id='word_1_102' title='bbox 1039 1823 1126 1885; x_wconf 89' lang='lat' dir='ltr'><strong>fores</strong></span> 
     </span>
     <span class='ocr_line' id='line_1_18' title="bbox 339 1920 970 1983; baseline 0 -2"><span class='ocrx_word' id='word_1_103' title='bbox 339 1920 382 1981; x_wconf 87' lang='lat' dir='ltr'><strong>Et</strong></span> <span class='ocrx_word' id='word_1_104' title='bbox 402 1940 476 1982; x_wconf 92' lang='lat' dir='ltr'><strong>curn</strong></span> <span class='ocrx_word' id='word_1_105' title='bbox 496 1920 586 1982; x_wconf 89' lang='lat' dir='ltr'><strong>necis</strong></span> <span class='ocrx_word' id='word_1_106' title='bbox 606 1925 728 1982; x_wconf 88' lang='lat' dir='ltr'><strong>terrore</strong></span> <span class='ocrx_word' id='word_1_107' title='bbox 750 1920 885 1983; x_wconf 88' lang='lat' dir='ltr'><strong>Davidis</strong></span> <span class='ocrx_word' id='word_1_108' title='bbox 905 1921 970 1982; x_wconf 90' lang='lat' dir='ltr'><strong>mei</strong></span> 
     </span>
     <span class='ocr_line' id='line_1_19' title="bbox 339 2018 1129 2099; baseline 0.005 -21"><span class='ocrx_word' id='word_1_109' title='bbox 339 2018 402 2079; x_wconf 86' lang='lat' dir='ltr'><strong>Vix</strong></span> <span class='ocrx_word' id='word_1_110' title='bbox 423 2038 489 2080; x_wconf 94' lang='lat' dir='ltr'><strong>non</strong></span> <span class='ocrx_word' id='word_1_111' title='bbox 510 2019 673 2099; x_wconf 84' lang='lat' dir='ltr'><strong>abigerem</strong></span> <span class='ocrx_word' id='word_1_112' title='bbox 695 2018 841 2080; x_wconf 89' lang='lat' dir='ltr'><strong>debitum</strong></span> <span class='ocrx_word' id='word_1_113' title='bbox 862 2023 991 2099; x_wconf 91' lang='lat' dir='ltr'><strong>partum</strong></span> <span class='ocrx_word' id='word_1_114' title='bbox 1013 2019 1129 2096; x_wconf 86' lang='lat' dir='ltr'><strong>Scotis,</strong></span> 
     </span>
     <span class='ocr_line' id='line_1_20' title="bbox 340 2117 1104 2199; baseline 0.003 -21"><span class='ocrx_word' id='word_1_115' title='bbox 340 2117 403 2180; x_wconf 91' lang='lat' dir='ltr'><strong>Pro</strong></span> <span class='ocrx_word' id='word_1_116' title='bbox 425 2137 489 2199; x_wconf 92' lang='lat' dir='ltr'><strong>quo</strong></span> <span class='ocrx_word' id='word_1_117' title='bbox 510 2137 628 2197; x_wconf 89' lang='lat' dir='ltr'><strong>parens</strong></span> <span class='ocrx_word' id='word_1_118' title='bbox 648 2118 833 2180; x_wconf 89' lang='lat' dir='ltr'><strong>miseranda</strong></span> <span class='ocrx_word' id='word_1_119' title='bbox 852 2123 903 2180; x_wconf 88' lang='lat' dir='ltr'><strong>tot</strong></span> <span class='ocrx_word' id='word_1_120' title='bbox 925 2137 1021 2180; x_wconf 89' lang='lat' dir='ltr'><strong>casus</strong></span> <span class='ocrx_word' id='word_1_121' title='bbox 1042 2119 1104 2196; x_wconf 86' lang='lat' dir='ltr'><strong>adi,</strong></span> 
     </span>
     <span class='ocr_line' id='line_1_21' title="bbox 339 2214 1014 2297; baseline 0.001 -20"><span class='ocrx_word' id='word_1_122' title='bbox 339 2214 417 2278; x_wconf 90' lang='lat' dir='ltr'><strong>Sive</strong></span> <span class='ocrx_word' id='word_1_123' title='bbox 437 2216 622 2279; x_wconf 90' lang='lat' dir='ltr'><strong>immineret</strong></span> <span class='ocrx_word' id='word_1_124' title='bbox 641 2216 759 2278; x_wconf 88' lang='lat' dir='ltr'><strong>tertius</strong></span> <span class='ocrx_word' id='word_1_125' title='bbox 778 2216 873 2279; x_wconf 89' lang='lat' dir='ltr'><strong>nobis</strong></span> <span class='ocrx_word' id='word_1_126' title='bbox 892 2217 1014 2297; x_wconf 88' lang='lat' dir='ltr'><strong>hymen</strong></span> 
     </span>
    </p>

    <p class='ocr_par' dir='ltr' id='par_1_6' title="bbox 272 2313 1119 2787">
     <span class='ocr_line' id='line_1_22' title="bbox 272 2313 1061 2395; baseline 0.004 -20"><span class='ocrx_word' id='word_1_127' title='bbox 272 2336 313 2375; x_wconf 76' lang='lat' dir='ltr'><strong>ooo</strong></span> <span class='ocrx_word' id='word_1_128' title='bbox 340 2313 383 2375; x_wconf 82' lang='lat' dir='ltr'><strong>Et</strong></span> <span class='ocrx_word' id='word_1_129' title='bbox 402 2314 570 2395; x_wconf 88' lang='lat' dir='ltr'><strong>parricida,</strong></span> <span class='ocrx_word' id='word_1_130' title='bbox 592 2334 674 2395; x_wconf 89' lang='lat' dir='ltr'><strong>quos</strong></span> <span class='ocrx_word' id='word_1_131' title='bbox 695 2314 791 2377; x_wconf 93' lang='lat' dir='ltr'><strong>modo</strong></span> <span class='ocrx_word' id='word_1_132' title='bbox 812 2317 950 2390; x_wconf 85' lang='lat' dir='ltr'><strong>orbarat,</strong></span> <span class='ocrx_word' id='word_1_133' title='bbox 972 2316 1061 2392; x_wconf 70' lang='lat' dir='ltr'><strong>toria</strong></span> 
     </span>
     <span class='ocr_line' id='line_1_23' title="bbox 339 2411 1016 2476; baseline 0.001 -2"><span class='ocrx_word' id='word_1_134' title='bbox 339 2411 406 2474; x_wconf 90' lang='lat' dir='ltr'><strong>Seu</strong></span> <span class='ocrx_word' id='word_1_135' title='bbox 427 2412 564 2475; x_wconf 89' lang='lat' dir='ltr'><strong>vinculis</strong></span> <span class='ocrx_word' id='word_1_136' title='bbox 586 2412 628 2474; x_wconf 89' lang='lat' dir='ltr'><strong>ad</strong></span> <span class='ocrx_word' id='word_1_137' title='bbox 648 2412 737 2474; x_wconf 85' lang='lat' dir='ltr'><strong>iussa</strong></span> <span class='ocrx_word' id='word_1_138' title='bbox 757 2433 903 2476; x_wconf 88' lang='lat' dir='ltr'><strong>servarer</strong></span> <span class='ocrx_word' id='word_1_139' title='bbox 923 2415 1016 2476; x_wconf 92' lang='lat' dir='ltr'><strong>nothi</strong></span> 
     </span>
     <span class='ocr_line' id='line_1_24' title="bbox 339 2510 1119 2592; baseline 0.003 -21"><span class='ocrx_word' id='word_1_140' title='bbox 339 2510 480 2572; x_wconf 90' lang='lat' dir='ltr'><strong>Tantum</strong></span> <span class='ocrx_word' id='word_1_141' title='bbox 501 2515 654 2573; x_wconf 87' lang='lat' dir='ltr'><strong>cruentae</strong></span> <span class='ocrx_word' id='word_1_142' title='bbox 676 2515 806 2591; x_wconf 89' lang='lat' dir='ltr'><strong>tempus</strong></span> <span class='ocrx_word' id='word_1_143' title='bbox 827 2513 1000 2592; x_wconf 90' lang='lat' dir='ltr'><strong>opperiens</strong></span> <span class='ocrx_word' id='word_1_144' title='bbox 1020 2512 1119 2589; x_wconf 68' lang='lat' dir='ltr'><strong>necis</strong></span> 
     </span>
     <span class='ocr_line' id='line_1_25' title="bbox 339 2606 1001 2689; baseline 0.002 -20"><span class='ocrx_word' id='word_1_145' title='bbox 339 2606 406 2669; x_wconf 87' lang='lat' dir='ltr'><strong>Seu</strong></span> <span class='ocrx_word' id='word_1_146' title='bbox 426 2608 550 2688; x_wconf 90' lang='lat' dir='ltr'><strong>perfida</strong></span> <span class='ocrx_word' id='word_1_147' title='bbox 570 2608 656 2671; x_wconf 89' lang='lat' dir='ltr'><strong>inter</strong></span> <span class='ocrx_word' id='word_1_148' title='bbox 676 2629 765 2671; x_wconf 87' lang='lat' dir='ltr'><strong>arma</strong></span> <span class='ocrx_word' id='word_1_149' title='bbox 786 2609 1001 2689; x_wconf 89' lang='lat' dir='ltr'><strong>perduellium</strong></span> 
     </span>
     <span class='ocr_line' id='line_1_26' title="bbox 339 2705 929 2787; baseline 0.002 -20"><span class='ocrx_word' id='word_1_150' title='bbox 339 2705 480 2768; x_wconf 88' lang='lat' dir='ltr'><strong>Conarer</strong></span> <span class='ocrx_word' id='word_1_151' title='bbox 500 2708 596 2769; x_wconf 90' lang='lat' dir='ltr'><strong>urbes</strong></span> <span class='ocrx_word' id='word_1_152' title='bbox 616 2726 695 2787; x_wconf 90' lang='lat' dir='ltr'><strong>pace</strong></span> <span class='ocrx_word' id='word_1_153' title='bbox 717 2707 821 2768; x_wconf 89' lang='lat' dir='ltr'><strong>moliri</strong></span> <span class='ocrx_word' id='word_1_154' title='bbox 843 2707 929 2769; x_wconf 89' lang='lat' dir='ltr'><strong>bona</strong></span> 
     </span>
    </p>

    <p class='ocr_par' dir='ltr' id='par_1_7' title="bbox 275 2804 1173 3162">
     <span class='ocr_line' id='line_1_27' title="bbox 275 2804 1079 2887; baseline 0.004 -21"><span class='ocrx_word' id='word_1_155' title='bbox 275 2826 316 2867; x_wconf 78' lang='lat' dir='ltr'><strong>en</strong></span> <span class='ocrx_word' id='word_1_156' title='bbox 343 2804 515 2885; x_wconf 90' lang='lat' dir='ltr'><strong>Tuumque</strong></span> <span class='ocrx_word' id='word_1_157' title='bbox 536 2805 616 2867; x_wconf 87' lang='lat' dir='ltr'><strong>solio</strong></span> <span class='ocrx_word' id='word_1_158' title='bbox 637 2824 783 2867; x_wconf 89' lang='lat' dir='ltr'><strong>asserere</strong></span> <span class='ocrx_word' id='word_1_159' title='bbox 804 2804 951 2885; x_wconf 89' lang='lat' dir='ltr'><strong>proavito</strong></span> <span class='ocrx_word' id='word_1_160' title='bbox 973 2811 1079 2887; x_wconf 90' lang='lat' dir='ltr'><strong>caput.</strong></span> 
     </span>
     <span class='ocr_line' id='line_1_28' title="bbox 339 2902 1173 2984; baseline 0 -18"><span class='ocrx_word' id='word_1_161' title='bbox 339 2903 367 2966; x_wconf 93' lang='grc' dir='ltr'><strong>Ο</strong></span> <span class='ocrx_word' id='word_1_162' title='bbox 388 2903 453 2965; x_wconf 91' lang='lat' dir='ltr'><strong>iam</strong></span> <span class='ocrx_word' id='word_1_163' title='bbox 475 2903 644 2966; x_wconf 85' lang='lat' dir='ltr'><strong>Scotorum</strong></span> <span class='ocrx_word' id='word_1_164' title='bbox 664 2902 790 2983; x_wconf 90' lang='lat' dir='ltr'><strong>reliqua</strong></span> <span class='ocrx_word' id='word_1_165' title='bbox 810 2923 895 2983; x_wconf 81' lang='lat' dir='ltr'><strong>epae,</strong></span> <span class='ocrx_word' id='word_1_166' title='bbox 917 2905 1049 2984; x_wconf 85' lang='lat' dir='ltr'><strong>sanguis</strong></span> <span class='ocrx_word' id='word_1_167' title='bbox 1069 2924 1173 2981; x_wconf 87' lang='lat' dir='ltr'><strong>meus,</strong></span> 
     </span>
     <span class='ocr_line' id='line_1_29' title="bbox 340 3002 1092 3083; baseline 0.001 -21"><span class='ocrx_word' id='word_1_168' title='bbox 340 3003 430 3063; x_wconf 90' lang='lat' dir='ltr'><strong>Dent</strong></span> <span class='ocrx_word' id='word_1_169' title='bbox 450 3002 518 3064; x_wconf 86' lang='lat' dir='ltr'><strong>fata</strong></span> <span class='ocrx_word' id='word_1_170' title='bbox 538 3002 638 3062; x_wconf 87' lang='lat' dir='ltr'><strong>fluere</strong></span> <span class='ocrx_word' id='word_1_171' title='bbox 659 3020 757 3080; x_wconf 91' lang='lat' dir='ltr'><strong>quam</strong></span> <span class='ocrx_word' id='word_1_172' title='bbox 777 3005 854 3063; x_wconf 90' lang='lat' dir='ltr'><strong>tuae</strong></span> <span class='ocrx_word' id='word_1_173' title='bbox 877 3002 981 3078; x_wconf 90' lang='lat' dir='ltr'><strong>matri,</strong></span> <span class='ocrx_word' id='word_1_174' title='bbox 1003 3022 1092 3083; x_wconf 87' lang='lat' dir='ltr'><strong>puer,</strong></span> 
     </span>
     <span class='ocr_line' id='line_1_30' title="bbox 339 3098 942 3162; baseline 0 -1"><span class='ocrx_word' id='word_1_175' title='bbox 339 3098 537 3162; x_wconf 79' lang='lat' dir='ltr'><strong>secundiore</strong></span> <span class='ocrx_word' id='word_1_176' title='bbox 558 3105 675 3161; x_wconf 89' lang='lat' dir='ltr'><strong>cuncta</strong></span> <span class='ocrx_word' id='word_1_177' title='bbox 695 3118 846 3162; x_wconf 89' lang='lat' dir='ltr'><strong>successu</strong></span> <span class='ocrx_word' id='word_1_178' title='bbox 869 3100 942 3162; x_wconf 77' lang='lat' dir='ltr'><strong>tibi!</strong></span> 
     </span>
    </p>

    <p class='ocr_par' dir='ltr' id='par_1_8' title="bbox 244 3197 1194 3375">
     <span class='ocr_line' id='line_1_31' title="bbox 378 3197 1004 3278; baseline 0 -19"><span class='ocrx_word' id='word_1_179' title='bbox 378 3197 474 3260; x_wconf 88' lang='lat' dir='ltr'><strong>Prius</strong></span> <span class='ocrx_word' id='word_1_180' title='bbox 495 3197 559 3260; x_wconf 93' lang='lat' dir='ltr'><strong>diei</strong></span> <span class='ocrx_word' id='word_1_181' title='bbox 580 3202 668 3259; x_wconf 91' lang='lat' dir='ltr'><strong>meta</strong></span> <span class='ocrx_word' id='word_1_182' title='bbox 689 3200 862 3278; x_wconf 90' lang='lat' dir='ltr'><strong>componat</strong></span> <span class='ocrx_word' id='word_1_183' title='bbox 883 3200 1004 3278; x_wconf 86' lang='lat' dir='ltr'><strong>polum,</strong></span> 
     </span>
     <span class='ocr_line' id='line_1_32' title="bbox 244 3295 1194 3375; baseline -0.001 -18"><span class='ocrx_word' id='word_1_184' title='bbox 244 3313 314 3365; x_wconf 74' lang='lat' dir='ltr'><strong>[mo]</strong></span> <span class='ocrx_word' id='word_1_185' title='bbox 344 3297 448 3373; x_wconf 75' lang='lat' dir='ltr'><strong>Quam</strong></span> <span class='ocrx_word' id='word_1_186' title='bbox 470 3295 547 3375; x_wconf 82' lang='lat' dir='ltr'><strong>quis</strong></span> <span class='ocrx_word' id='word_1_187' title='bbox 564 3296 721 3358; x_wconf 85' lang='lat' dir='ltr'><strong>malorum</strong></span> <span class='ocrx_word' id='word_1_188' title='bbox 742 3295 853 3358; x_wconf 90' lang='lat' dir='ltr'><strong>audire</strong></span> <span class='ocrx_word' id='word_1_189' title='bbox 874 3300 1058 3358; x_wconf 90' lang='lat' dir='ltr'><strong>nostrorum</strong></span> <span class='ocrx_word' id='word_1_190' title='bbox 1077 3314 1194 3374; x_wconf 87' lang='lat' dir='ltr'><strong>moras,</strong></span> 
     </span>
    </p>

    <p class='ocr_par' dir='ltr' id='par_1_9' title="bbox 335 3393 1123 3667">
     <span class='ocr_line' id='line_1_33' title="bbox 336 3393 1043 3475; baseline -0.003 -18"><span class='ocrx_word' id='word_1_191' title='bbox 336 3395 405 3475; x_wconf 83' lang='lat' dir='ltr'><strong>Ego</strong></span> <span class='ocrx_word' id='word_1_192' title='bbox 427 3413 553 3457; x_wconf 89' lang='lat' dir='ltr'><strong>summa</strong></span> <span class='ocrx_word' id='word_1_193' title='bbox 574 3395 695 3475; x_wconf 89' lang='lat' dir='ltr'><strong>possim</strong></span> <span class='ocrx_word' id='word_1_194' title='bbox 717 3394 870 3475; x_wconf 91' lang='lat' dir='ltr'><strong>persequi</strong></span> <span class='ocrx_word' id='word_1_195' title='bbox 892 3393 1043 3472; x_wconf 82' lang='lat' dir='ltr'><strong>vestigia3</strong></span> 
     </span>
     <span class='ocr_line' id='line_1_34' title="bbox 336 3492 1123 3572; baseline 0 -18"><span class='ocrx_word' id='word_1_196' title='bbox 336 3492 417 3570; x_wconf 77' lang='lat' dir='ltr'><strong>Quis</strong></span> <span class='ocrx_word' id='word_1_197' title='bbox 439 3492 526 3554; x_wconf 90' lang='lat' dir='ltr'><strong>enim</strong></span> <span class='ocrx_word' id='word_1_198' title='bbox 546 3492 676 3555; x_wconf 90' lang='lat' dir='ltr'><strong>scelesti</strong></span> <span class='ocrx_word' id='word_1_199' title='bbox 697 3492 804 3555; x_wconf 78' lang='lat' dir='ltr'><strong>fratris</strong></span> <span class='ocrx_word' id='word_1_200' title='bbox 825 3497 860 3554; x_wconf 94' lang='lat' dir='ltr'><strong>et</strong></span> <span class='ocrx_word' id='word_1_201' title='bbox 882 3492 1010 3572; x_wconf 87' lang='lat' dir='ltr'><strong>parium</strong></span> <span class='ocrx_word' id='word_1_202' title='bbox 1030 3492 1123 3554; x_wconf 87' lang='lat' dir='ltr'><strong>nefas</strong></span> 
     </span>
     <span class='ocr_line' id='line_1_35' title="bbox 335 3590 996 3667; baseline -0.005 -12"><span class='ocrx_word' id='word_1_203' title='bbox 335 3593 377 3655; x_wconf 89' lang='lat' dir='ltr'><strong>Et</strong></span> <span class='ocrx_word' id='word_1_204' title='bbox 398 3590 595 3655; x_wconf 89' lang='lat' dir='ltr'><strong>asseclarum</strong></span> <span class='ocrx_word' id='word_1_205' title='bbox 616 3590 737 3653; x_wconf 88' lang='lat' dir='ltr'><strong>veteris</strong></span> <span class='ocrx_word' id='word_1_206' title='bbox 758 3591 889 3653; x_wconf 87' lang='lat' dir='ltr'><strong>evolvat</strong></span> <span class='ocrx_word' id='word_1_207' title='bbox 908 3591 996 3667; x_wconf 86' lang='lat' dir='ltr'><strong>mali,</strong></span> 
     </span>
    </p>
   </div>
   <div class='ocr_carea' id='block_1_3' title="bbox 0 0 1400 4200">
    <p class='ocr_par' dir='ltr' id='par_1_10' title="bbox 0 0 1400 4200">
     <span class='ocr_line' id='line_1_36' title="bbox 0 0 1400 4200; baseline 0 0"><span class='ocrx_word' id='word_1_208' title='bbox 0 0 1400 4200; x_wconf 95' lang='lat' dir='ltr'><strong> </strong></span> 
     </span>
    </p>
   </div>
  </div>
 </body>
</html>
