2792 4200
522 159 718 215 ROVIAERIVS,
734 160 891 204 STVARTA.
908 162 939 204 V.

649 331 816 394 Stuarta.

328 454 482 532 Resume,
504 455 615 533 Maria,
637 456 787 536 spiritum
808 457 974 519 aerumnis
994 475 1115 537 parem,

328 553 464 614 Dimitte
487 554 603 616 vitamt
647 553 784 632 Christe,
806 555 996 617 morientem
1018 555 1103 630 iuva,

329 650 391 728 Qui
411 652 539 730 generis
560 652 693 716 humaui
715 652 906 734 expiaturus
927 656 1022 715 vetus

190 737 191 742 ’
247 768 301 809 iar
328 749 495 828 Probrum,
515 755 668 830 gravatus
688 757 818 831 praeter
838 755 1006 813 assuetum
1027 770 1123 812 cruce

328 847 454 911 Infame
475 849 573 912 adisti
594 854 711 930 sponte
732 848 899 930 suppliciis
920 849 1041 928 iugum.

369 945 503 1026 Oquod
531 949 689 1027 superbae
716 948 773 1009 vix
797 949 919 1010 habeut
946 967 1090 1026 uuquam
1117 945 1238 1010 domus

227 1107 230 1110 .
330 1044 563 1122 Potentiorum,
585 1045 714 1124 regibus
735 1065 854 1108 nomen
874 1047 974 1126 pium,

328 1141 478 1219 Melvine,
501 1142 604 1205 donec
625 1144 787 1220 morimur,
809 1163 845 1205 es
866 1143 960 1206 uobis
980 1143 1043 1204 fide

248 1259 300 1298 rao
329 1240 447 1320 Magna
467 1241 640 1304 obsecutus
662 1242 736 1320 (etsi
757 1241 791 1303 in
812 1243 986 1304 haereseos
1005 1261 1109 1303 novae

329 1338 458 1400 Iurasse
480 1340 579 1401 verba
599 1341 754 1420 suspicor,
777 1339 925 1402 Christus
947 1343 1055 1401 tamen
1186 1327 1190 1332 ⁸

329 1435 507 1498 Dumtaxat
528 1456 612 1499 uuus
633 1441 747 1500 auctor
767 1441 819 1500 est
839 1436 1020 1514 ecelesiae]:

330 1533 397 1613 Ego
418 1535 480 1596 rite
501 1536 594 1598 vobis
614 1539 721 1612 uncta,
743 1555 855 1616 regum
877 1555 896 1598 a
916 1535 1074 1614 sanguine

331 1631 496 1696 Catholica
517 1654 576 1714 ego
598 1635 717 1714 regina,
739 1654 798 1714 pro
819 1634 931 1696 multis
952 1652 1069 1713 queror

249 1749 302 1789 raus
331 1730 403 1793 Nou
425 1751 497 1794 esse
519 1732 662 1812 pretium
682 1733 788 1795 maius
809 1732 923 1793 officiis
945 1731 1013 1793 tibi.

370 1829 565 1892 Caledonem
587 1834 662 1910 post
682 1830 759 1902 fata,
781 1850 865 1909 quae
887 1830 997 1903 subeo,
1020 1833 1114 1909 petes

329 1926 488 2006 Suprema
508 1927 621 1990 matris
643 1929 742 1989 verba
762 1929 942 2008 spectantis
961 1931 1075 1988 necem'

329 2023 414 2086 Nato
434 2030 616 2107 reportans:
639 2026 693 2088 ille
714 2027 878 2103 virtutem,
901 2026 977 2104 scio,

329 2123 564 2197 Remunerabit
584 2127 742 2188 hactenus
763 2145 840 2206 prae
862 2144 914 2187 me
935 2129 1034 2187 tuam.

250 2241 302 2280 1³20
330 2240 333 2244 ·
370 2222 419 2285 Ne
441 2224 484 2287 sit
505 2223 661 2286 Tonantis
681 2224 871 2303 infrequens
892 2223 997 2284 cultor
1016 2242 1124 2303 neque

330 2319 505 2385 Ecclesiam
528 2321 637 2384 labare
658 2320 838 2383 Romanam
859 2320 954 2396 sinat,

329 2418 364 2479 Si
385 2439 465 2499 pace
487 2439 564 2482 vera
584 2439 684 2499 regna
704 2418 863 2482 moderari
884 2437 965 2481 suae

223 2534 299 2587 [aab]
329 2516 472 2580 Dicionis
494 2521 600 2598 optat;
621 2518 788 2599 proprium
809 2518 901 2580 cuius
922 2521 1029 2598 caput,

330 2615 403 2678 Neu
423 2615 534 2677 credat
557 2618 669 2693 (unum
689 2616 801 2678 nocuit
821 2616 882 2677 hoc
902 2614 998 2677 matri
1018 2614 1162 2692 malum),

249 2735 302 2775 aa
330 2713 394 2776 Sed
416 2715 451 2776 in
471 2722 606 2795 parente
628 2734 721 2795 spem
741 2733 834 2776 suam
855 2732 972 2793 supero
994 2712 1088 2790 locet,

331 2812 394 2890 oui
414 2813 470 2876 dat
490 2812 630 2875 salutem
650 2813 741 2874 sotus
763 2815 796 2873 et
816 2830 895 2891 opes
915 2810 1054 2891 regibus.

369 2912 460 2973 Haec
481 2910 603 2974 monita
623 2911 746 2973 referes
765 2914 870 2987 testis,
893 2914 930 2971 ut
950 2908 1067 2971 moriar
1087 2906 1195 2984 Scota,

329 3009 374 3072 Vt
394 3010 517 3072 Franco
537 3008 655 3072 moriar
675 3008 749 3085 fida,
772 3007 909 3069 Romani
930 3007 1031 3088 patris
1095 3086 1100 3091 ¹

329 3107 482 3170 Veterem
503 3108 648 3188 professa
667 3105 831 3186 publicam
853 3110 888 3167 et
908 3108 1030 3167 certam
1051 3104 1158 3167 fidem.

631 3267 835 3330 Melvinus.

249 3396 302 3435 raro
331 3375 523 3437 Veneranda
543 3375 693 3456 princeps
715 3380 814 3454 atque
835 3392 987 3454 suprema
1007 3373 1042 3434 in
1062 3371 1169 3433 Scotis

329 3472 463 3551 Regina,
484 3478 632 3537 nostrum
652 3472 806 3553 gaudium
827 3470 992 3552 quondam
1013 3476 1046 3533 et
1067 3470 1165 3545 saluS,

329 3574 375 3634 At
395 3591 481 3633 nunc
503 3571 593 3634 dolor
615 3571 795 3649 dumtaxat,
818 3571 879 3634 hoc
899 3590 1006 3633 rerum
1029 3568 1088 3632 tibi
