2792 4200
440 253 635 308 ROVLERIVS,
652 252 808 296 STVARTA.
837 253 856 294 1.

541 422 749 485 Elizabeta.

245 523 386 608 Plutona
406 524 518 598 testor,
540 525 643 583 testor
664 521 797 582 ultrices
818 521 896 584 deas

245 620 287 682 Et
307 619 455 701 quisquis
476 619 542 680 illic
564 619 722 698 anguibus
743 619 844 681 nectit
866 638 1005 682 comam:

150 739 217 790 [aaa]
244 719 334 781 Nihil
354 717 471 798 reliqui
492 717 642 780 inausum
664 720 698 779 et
719 719 783 779 huc
803 724 907 798 usque
929 717 1038 780 omnia

161 809 216 880 'rto
245 817 403 898 Experior
424 816 523 892 intus,
546 817 658 877 funere
680 819 719 877 ut
738 815 854 877 merito
875 820 974 896 caput

243 915 424 995 Vtrumque
445 913 589 995 perdam,
611 914 722 991 filium,
744 918 900 992 agnatum
921 912 1006 990 licet,

243 1012 391 1089 Matrem,
414 1031 576 1098 sororem„
610 1012 703 1074 Fecit
723 1011 875 1092 impietas
895 1031 998 1091 genus

243 1110 297 1172 Nil
318 1110 490 1173 aestimari.
536 1110 636 1172 Nemo
657 1116 710 1172 sat
729 1113 802 1171 tuto
823 1109 914 1172 favet

243 1209 395 1289 anuam
414 1208 614 1289 propinquis,
635 1207 729 1288 peius
751 1212 784 1269 et
804 1207 884 1269 tecti
904 1212 1033 1270 nocent.

176 1329 219 1369 aaa
246 1306 335 1368 Deus
356 1310 427 1368 esto
448 1306 552 1392 testie,
574 1306 602 1368 si
623 1306 696 1386 quis
717 1307 799 1368 haec
819 1305 911 1368 audit
931 1307 1022 1384 deus,

244 1404 287 1467 Et
307 1404 466 1485 quidquid
494 1424 632 1485 usquam
659 1405 808 1468 consciae
835 1405 955 1467 mentis
980 1405 1064 1468 bene
1092 1408 1155 1482 est,

203 1567 205 1574 ,
244 1502 352 1566 Testis
373 1502 454 1565 fides
475 1523 591 1565 arcana
613 1506 647 1564 et
668 1503 851 1565 exstinctus
872 1503 990 1583 pudor:

245 1601 299 1663 Sic
319 1621 371 1662 me
394 1601 582 1678 necandam,
606 1601 708 1664 Maria
729 1601 831 1662 nisio
852 1601 987 1668 occidat.

244 1698 310 1761 Sed
330 1699 401 1780 ipse
422 1699 541 1775 malim,
563 1699 591 1762 si
612 1699 686 1779 quis
708 1703 767 1776 est,
790 1699 879 1762 caelo
901 1703 1018 1764 tonans

177 1819 216 1858 aco
244 1798 351 1860 Meme
374 1799 448 1876 igne
470 1797 564 1859 Tullo
586 1817 770 1878 comparem
790 1797 825 1859 in
845 1798 973 1862 cineres
994 1804 1081 1862 terat

243 1895 439 1976 Reddatque
460 1895 570 1970 nihilo,
593 1915 676 1976 quae
699 1895 798 1957 decus
819 1895 1006 1959 Britanniae

244 1994 285 2056 ut
305 1994 484 2057 insularum
506 1994 628 2054 lumina
649 1993 794 2074 imperiis
815 2013 874 2073 ago

244 2091 400 2173 Aequalis
422 2092 527 2170 astris,
549 2093 619 2155 sola
639 2091 796 2155 nobilium
816 2096 933 2173 potens

244 2189 325 2251 Late
346 2191 489 2252 virorum
511 2191 649 2267 domina,
671 2210 769 2270 quam
791 2195 899 2253 cesset
919 2192 1021 2271 magis

178 2308 218 2347 265
245 2287 332 2349 Iram
353 2288 495 2368 expiare,
518 2309 602 2369 quae
623 2290 678 2351 diu
699 2288 827 2366 meruit,
846 2303 964 2367 meam,

245 2385 330 2448 Iram
352 2386 385 2448 in
407 2392 563 2449 nocentes
584 2407 682 2468 saepe
703 2387 883 2468 patientem
904 2388 1009 2465 nimis,

245 2484 329 2546 Dum
352 2504 413 2547 nec
434 2504 528 2547 cruor
549 2486 728 2548 catholicus
748 2505 901 2548 accensas
922 2487 1011 2549 faces

245 2582 432 2663 Exstinguit
452 2584 486 2645 in
507 2603 567 2646 nos
588 2604 648 2647 nec
668 2603 749 2645 nece
770 2584 917 2646 horrifica
937 2585 1033 2647 rubet

247 2680 476 2762 Quaecumque
497 2683 596 2744 tellus
617 2683 759 2745 asseclas
779 2701 882 2763 papae
904 2683 988 2744 tulit.

180 2798 219 2838 ero
246 2776 398 2841 Exsultat
418 2780 474 2843 illa
495 2780 616 2843 saeculi
638 2781 741 2843 nostri
761 2780 855 2843 bonis

248 2874 405 2957 Corrupta
425 2880 521 2941 turba
541 2898 602 2940 nee
623 2879 710 2959 capit
730 2878 935 2941 clementiam

246 2972 378 3054 Ingrata
399 2982 544 3039 nostram
564 2996 625 3038 nec
645 2980 755 3057 potest
776 2995 890 3056 pacem
910 2977 988 3057 pati,

245 3070 311 3134 Sed
333 3073 479 3153 inquieta
500 3075 603 3136 fertur
623 3077 656 3138 in
677 3094 835 3156 praeceps
855 3075 920 3136 levi

245 3170 330 3233 Hinc
352 3174 546 3249 temeritate,
568 3174 692 3253 rapitur
714 3172 788 3234 hinc
809 3171 952 3234 audacia.

151 3282 220 3335 [cab]
248 3268 401 3333 Admissa
422 3272 570 3351 quamvis
591 3274 695 3333 morte
715 3267 824 3351 puniri
844 3288 959 3351 parum
980 3275 1039 3347 est,

243 3366 399 3431 Graviora
420 3368 570 3450 quamvis
590 3370 737 3449 postulat
756 3372 887 3430 sontum
908 3369 1025 3445 scelus,

244 3465 350 3529 Duros
372 3467 474 3530 dolori
495 3468 629 3548 spiritus
649 3466 789 3529 reddant
809 3487 882 3530 meo

246 3562 396 3645 Iramque
418 3570 562 3629 nostram
583 3564 740 3645 sanguine
762 3566 971 3645 exstinguant
991 3564 1100 3645 placet

240 3660 282 3723 Et
301 3667 340 3725 ut
360 3663 440 3743 ipsa,
461 3662 554 3726 cuius
575 3662 683 3724 omnia
705 3665 881 3743 exsuperat
900 3663 998 3739 furor,

1010 3765 1043 3815 2*
