2792 4200
439 193 635 250 novnunrvs
651 192 809 237 srvrarl.
823 190 854 236 V.

174 407 228 450 rua
255 385 353 449 Rima
373 389 507 466 patente
528 383 624 447 video
646 382 786 444 nudatos
807 379 907 457 humi,

251 477 418 547 Truncum'
437 485 600 564 caputque
622 485 656 544 et
676 481 769 560 signa
789 479 868 542 clari
889 475 1032 558 corporis

252 583 295 646 Et
316 601 372 646 ora
393 586 428 644 et
447 580 522 643 illas
543 580 663 642 arduae
683 577 801 641 frontis
821 581 924 639 notas.

252 680 327 744 Huc
347 679 404 742 illa
424 678 526 742 facies
546 679 622 758 igne
643 676 772 740 sidereo
792 675 910 752 nitens,

250 779 387 841 Inimica
406 777 544 840 flectens
563 776 687 838 lumina
708 776 772 837 huc
792 772 910 837 cecidit
930 771 1041 835 color?

174 898 228 950 tcto
256 876 391 956 Regina,
413 875 497 938 tales
517 874 627 937 intuor
647 873 760 936 vultus
780 876 856 936 tuos

251 975 414 1054 Talesque
435 973 566 1054 patior?
587 971 658 1050 Quo
679 977 757 1034 tuus
777 971 862 1050 fugit
883 969 979 1033 decor

161 1090 226 1142 [rra]
255 1071 414 1152 Oculique
434 1075 584 1134 nostrum
603 1069 717 1134 sidus?
737 1067 905 1132 Exanimis
924 1067 1023 1148 iaces,

252 1168 411 1251 Negleota
431 1172 466 1231 et
485 1169 659 1250 insepulta;
681 1185 874 1249 superamus
895 1169 1016 1244 tamen,

251 1266 333 1330 Cum
355 1286 411 1330 cur
431 1267 513 1330 mori
533 1266 681 1343 velimus,
703 1267 778 1341 heu,
799 1283 916 1328 causae
937 1264 1046 1342 nimis,

170 1385 225 1426 racc
253 1365 318 1428 Cur
337 1365 447 1429 vivere
469 1369 589 1443 autem,
610 1368 716 1427 restet
735 1364 875 1428 adflictis
895 1362 976 1426 nihil

250 1463 322 1527 Nisi
341 1483 558 1540 remanemus,
580 1468 618 1526 ut
638 1482 843 1526 renarremus
863 1463 967 1526 nefas.

291 1560 413 1625 Audite
434 1567 550 1640 terrae,
572 1562 684 1626 clausa
704 1562 854 1624 litoribus
875 1560 967 1641 vagis

250 1659 373 1724 Audite
393 1661 496 1724 maria
516 1665 552 1724 et
571 1660 720 1742 quisquis
741 1660 900 1723 attonitus
920 1662 1042 1741 stupet,

250 1759 391 1841 Fulgore
411 1760 516 1840 primo
537 1763 653 1840 captus
674 1763 709 1821 et
725 1759 817 1822 facili
832 1761 923 1822 tono

169 1879 224 1920 noo
244 1857 390 1940 Fallacia
411 1856 519 1920 aulae:
544 1856 655 1920 audite
678 1877 776 1940 quam
797 1855 903 1938 fragili
923 1855 994 1920 loco

248 1955 313 2018 Vix
332 1960 422 2020 stent
442 1956 582 2038 superbi,
604 1955 773 2018 credulum
794 1958 956 2037 quotquot
974 1953 1071 2019 bonis

248 2054 405 2117 Animum
425 2053 587 2120 dedorunt
603 2055 714 2121 rebus.
756 2053 817 2119 aa
832 2071 957 2136 parvus
977 2052 1061 2117 oinis

249 2152 293 2214 Et
312 2142 439 2225 umbra,
458 2153 545 2234 quod
566 2172 626 2215 nos
637 2171 786 2233 ⁴cumque
808 2152 962 2215 miramur
980 2151 1092 2216 nimis.

250 2249 472 2336 Quisquamne
492 2270 592 2331 regno
612 2251 734 2331 gaudet
755 2253 790 2313 et
808 2252 898 2314 fastu
917 2249 1034 2313 brevi?

169 2368 224 2410 ms
250 2348 390 2412 Excelsa
406 2368 523 2429 regum
543 2356 673 2433 sceptra
692 2348 741 2413 sic
761 2350 841 2413 sorti
862 2348 1021 2425 obiacent,

250 2448 294 2511 Vt
314 2447 381 2510 alta
400 2451 519 2511 ventos
539 2467 669 2529 semper
690 2449 859 2530 excipiunt
878 2448 955 2528 iuga

248 2545 444 2628 Rupemque
465 2546 553 2609 saxis
571 2552 667 2610 vasta
687 2547 893 2610 dirimentem
914 2546 1011 2631 freta,

250 2643 405 2721 Quamvis
427 2644 531 2726 quieti
552 2646 726 2709 verberant
745 2648 865 2714 fluctus
885 2649 992 2715 maris.
1084 2715 1085 2718 ,

250 2742 358 2804 Decus
378 2742 460 2805 illud
480 2743 568 2807 orbis
588 2748 688 2825 atquc
709 2745 820 2810 lumen
841 2769 976 2815 aureum

170 2858 224 2901 nro
251 2838 327 2902 Toti
347 2837 481 2903 Stuarta
500 2842 618 2905 flebilis
637 2844 761 2908 mundo
781 2846 875 2912 iacet.

254 2936 408 3001 Decrevit
426 2937 492 3001 huo
511 2945 650 3021 augirsta
669 2949 864 3024 regnantum
884 2966 995 3027 nurus,

251 3034 302 3097 Ex
322 3054 388 3117 quo
408 3034 583 3117 Metaurus,
604 3042 721 3121 Agaris
741 3042 861 3107 Ismael
881 3050 966 3126 aar,

250 3132 434 3216 Amplexus
455 3139 552 3200 urbes
573 3142 607 3200 ct
629 3137 836 3204 Caledoniam
858 3142 956 3208 draco

252 3230 359 3315 Caput
378 3232 484 3297 leonis
502 3236 624 3317 pressit
644 3236 798 3320 imposito
818 3240 916 3321 pede:

172 3350 226 3391 nnc
254 3328 332 3394 Mox
353 3332 453 3395 cessit
473 3332 556 3397 odiis
576 3335 684 3399 anima
703 3337 841 3419 privatis
860 3360 991 3421 nocens,

253 3427 296 3491 at
315 3428 457 3495 Iezabeli
478 3432 596 3513 praeiit
616 3434 658 3496 ad
679 3434 808 3499 furvam
828 3437 939 3521 Styga.

592 3582 718 3629 aruis.

184 3758 186 3762 ,
252 3712 308 3756 Lat.
322 3714 561 3764 Litteraturdenkm.
578 3725 611 3764 ιτ.

1119 193 1171 256 65.
