2792 4200
436 215 629 270 Rovnuurvs,
649 215 806 258 STVARTA.
827 215 870 258 lv.

251 389 424 472 Captivam
444 387 566 450 retines
587 386 744 467 sunguine
764 386 954 467 prinoipem,

252 487 431 569 Exspeotes
453 487 534 549 ulios
555 486 714 548 haetenus
735 485 844 548 exitus

253 585 358 664 Quam
378 589 453 666 post
474 588 508 648 et
528 583 670 646 Nabothi
691 584 806 646 funere
827 583 956 647 Iezabel

251 683 294 747 Et
314 687 426 746 vatum
446 682 563 746 catulis
585 701 660 757 esea
680 681 850 746 voracibus

168 801 224 840 121⁶
252 781 413 863 Praeceps
435 780 476 844 de
497 781 640 843 thalamo
661 779 773 842 dedita
794 780 901 859 regiae

250 881 319 942 Aut
338 881 428 943 laeso
448 879 594 941 tumidus
615 879 747 941 numine
770 878 912 942 Cissides

249 979 318 1042 Aut
338 979 395 1060 qui
415 978 565 1044 Zacariae
585 997 621 1041 se
643 997 723 1040 nece
744 977 861 1057 polluit

251 1077 319 1139 Aut
338 1079 440 1139 fetum
463 1077 570 1157 paries
591 1076 643 1138 oui
664 1077 742 1138 tulit
762 1076 878 1138 obvius

251 1175 388 1238 Divinae
409 1174 521 1255 digitis
541 1175 649 1237 nobile
671 1173 835 1236 dexterae.

168 1293 222 1332 1220
290 1273 344 1336 Sic
364 1273 476 1335 mundi
497 1273 623 1335 interes
642 1273 804 1334 maximus
825 1273 946 1336 arbiter

248 1371 362 1434 Hostis
383 1375 493 1434 nostre
513 1372 602 1433 levet
623 1369 706 1433 eolla
725 1371 874 1450 potentia

250 1469 473 1550 Reginamque
495 1470 610 1532 favens
631 1471 664 1530 in
686 1489 747 1532 sua
766 1470 941 1532 transferat

247 1568 390 1631 Rursum
410 1589 510 1649 regna
530 1570 634 1631 Deusl
676 1567 780 1643 Quam
801 1568 898 1630 modo
919 1569 1068 1633 cursibus

249 1667 376 1747 Magnis
398 1667 448 1729 bis
469 1667 577 1730 decies
598 1667 647 1730 sol
668 1685 773 1727 novus
793 1665 910 1746 aspicit

168 1784 221 1825 urs
249 1765 292 1827 Et
311 1784 372 1827 nos
392 1784 412 1827 a
432 1764 546 1847 patriis
567 1765 699 1828 sedibus
721 1764 862 1826 exsules,

343 1865 427 1928 *Hae
447 1864 558 1944 regina
579 1867 676 1926 tenus
696 1882 814 1943 graves
885 1880 888 1884 ⁴

354 1963 536 2024 Aerumnes
556 1961 634 2024 tulit
654 1961 749 2023 exsili

355 2060 468 2141 Regno
489 2066 585 2142 captu
606 2060 802 2139 Britannioo‚

360 2159 430 2235 Quo
451 2178 509 2240 spe
531 2165 665 2223 venerat
684 2159 794 2222 auxili.

358 2256 423 2320 Sed
445 2259 502 2338 qui
522 2263 635 2321 saneta
656 2258 714 2321 det
732 2258 897 2339 hospitum

356 2355 467 2419 Rebus
487 2357 564 2421 iura¹
579 2358 680 2435 Deus,¹
700 2375 826 2419 sacrum

355 2453 426 2532 Quo
447 2454 580 2517 tandem
601 2460 699 2536 caput
721 2455 863 2536 ampliat,

346 2552 534 2616 'Tantorum
554 2553 714 2617 scelerum
735 2557 858 2634 caput?

354 2651 426 2714 Nou
448 2672 578 2733 semper
599 2652 676 2715 tulit
696 2653 860 2733 hospitem
958 2696 961 2700 -

353 2750 547 2814 Pascentem
568 2751 752 2831 hospitibus
772 2770 887 2832 pecus:

353 2847 425 2911 Non
447 2849 503 2929 qui
524 2850 585 2912 rite
606 2850 781 2930 penatibus

354 2946 519 3010 Meotebat
538 2948 627 3011 ferus
648 2949 757 3029 impiis

353 3045 450 3109 Nulla
470 3047 543 3125 lege
564 3051 673 3109 temen
695 3047 759 3109 sibi

351 3144 485 3207 Iunctos
505 3146 670 3225 sanguinis
690 3146 834 3208 advenas

355 3242 580 3323 Erectumque
600 3243 753 3323 Lycaona

351 3342 401 3403 De
421 3360 521 3421 regno
542 3340 584 3403 ud
605 3360 721 3403 nemus
742 3342 851 3404 avium

351 3439 488 3502 Addixit
509 3437 632 3502 socium
653 3440 747 3520 lupis,

352 3538 507 3614 Quamvis
528 3538 617 3600 nulla
638 3537 863 3619 propinquitas

351 3636 430 3699 Eius
450 3638 540 3700 laesa
561 3638 645 3701 foret
666 3637 770 3700 domo.

1122 223 1163 284 53
