2792 4200
449 234 643 290 ROVLERIVS,
660 233 817 278 STVARTA.
846 235 879 277 ΙΙ.

594 404 741 468 Amias

198 532 239 573 aaa
267 511 329 589 Qui
351 511 500 590 Galliam,
522 512 796 592 Germaniamque
819 514 853 574 et
873 510 1058 572 Flaudriam

263 609 420 690 aliosque
441 611 522 674 fines
544 612 639 673 turba
660 609 881 672 christiadum
901 608 1021 685 colunt,

263 707 461 771 Elizabetam
483 709 660 790 principem
682 709 795 771 crebra
815 726 911 788 prece

262 807 380 869 Adhuc
401 807 576 870 molestant
596 811 631 869 et
652 811 742 869 tuam
764 810 902 868 mortem
925 806 1094 887 expetunt.

264 906 309 968 At
329 905 401 986 ipsa
421 925 539 969 nomen
560 906 685 986 regium
706 905 796 968 nulla
815 903 990 985 inquinans

200 1022 241 1064 uo
270 1003 479 1066 crudelitatis
500 1004 571 1067 laba
593 1003 652 1066 tibi
674 1005 775 1065 vitam
796 1002 896 1066 dedit.

584 1135 757 1200 Stuarta.

193 1285 197 1294 .
266 1232 359 1309 Quod
380 1254 446 1297 non
468 1235 599 1312 ademit,
620 1235 702 1297 illud
723 1235 844 1298 obicias
865 1234 1000 1297 datum?

262 1331 372 1412 Egone
395 1353 436 1396 ex
457 1353 566 1396 sorore
587 1334 725 1396 debeam
745 1332 874 1413 aequali
894 1336 993 1406 statu,

264 1429 391 1494 Genera
413 1434 512 1512 atque
534 1451 616 1495 sexu
638 1431 753 1494 eodem
774 1436 809 1494 et
829 1428 1033 1493 innocentiae

263 1530 401 1610 Sperare
423 1529 574 1592 veniam?
593 1529 740 1592 Iudicem
761 1549 855 1609 reges
875 1529 1019 1591 habent?

197 1647 236 1688 tu
264 1628 357 1705 Quod
378 1627 407 1691 si
427 1632 537 1690 tamen
559 1632 696 1708 cognata
716 1627 870 1690 iudicium
891 1628 926 1689 in
946 1645 1058 1706 parem

264 1725 403 1789 Exercet
424 1727 525 1789 ullum
549 1727 617 1790 sive
639 1746 729 1789 amor
749 1727 859 1807 legum
879 1726 980 1802 iubet,

264 1825 329 1886 Cur
350 1824 465 1887 statuit
486 1824 609 1905 aliquid
629 1828 722 1905 parte
743 1825 890 1887 inaudita
910 1823 1034 1886 altera?

593 1949 736 2012 Amias.

264 2046 380 2110 Partes
401 2048 528 2129 peregit
549 2053 626 2112 tuus
646 2046 832 2110 Amiltonus
853 2051 927 2109 tuas

266 2144 381 2208 Coram
403 2146 576 2210 Britannae
598 2147 660 2210 rite
682 2145 817 2209 concitis
838 2146 879 2207 ad
900 2145 962 2207 hoc

170 2258 241 2310 [ota]
267 2242 433 2306 Iudicibus
454 2244 556 2308 aulae.

583 2368 751 2432 Stuarta.

585 2466 715 2529 Nemini
737 2466 840 2529 audiri
861 2486 950 2529 ream

264 2563 302 2626 ln
324 2563 516 2627 servitutem
537 2570 692 2646 quattuor
712 2565 824 2627 lustris
845 2564 980 2626 datam?

585 2690 747 2752 Armias

265 2786 338 2848 Huc
357 2787 450 2851 venit
470 2788 575 2850 omnis
595 2789 674 2851 urbe
696 2785 816 2850 missus
837 2787 925 2866 regia

267 2882 399 2947 Coetus:
420 2886 588 2966 dynastae,
610 2885 782 2967 principes,
804 2884 1027 2961 doctisenas

265 2981 313 3044 De
336 3002 433 3047 causa
454 2984 583 3046 abunde
604 2984 770 3064 cognitum
790 3002 894 3064 nuper
914 2986 979 3044 tua.

583 3099 752 3163 Stuarta.

198 3225 239 3266 aaa
267 3204 376 3282 Quid?
397 3206 557 3287 Principis
578 3226 734 3287 cognosse
756 3206 796 3269 de
819 3225 916 3268 causa
936 3202 1067 3267 minor?

595 3330 738 3394 Amias.

264 3428 450 3525 Eiizabetae
471 3428 587 3492 iudicis
608 3430 716 3491 locum
736 3433 859 3492 tenent.

581 3553 751 3617 Stuarta.

262 3651 399 3714 Aliusne
421 3652 520 3715 iudex
540 3672 560 3715 a
581 3652 651 3717 Deo
671 3672 767 3733 reges
787 3656 919 3717 manet?

1137 233 1182 298 29
