2792 4200
572 204 766 260 ROVLERIVS,
787 205 944 248 STVARTA.

366 378 403 436 ut
423 379 539 437 neutra
560 375 653 437 alteri
674 375 744 438 viso
765 374 897 457 pignore
916 376 1048 438 deesset
1061 377 1268 458 periclitanti.

367 472 451 534 Dum
473 473 555 536 haec
575 478 740 553 gemntur,
761 474 898 536 Iacobus
913 493 955 536 ex
968 474 1136 554 Monacho,
1159 496 1267 539 comes

365 570 538 648 Moraviae‚
560 571 674 634 matris
694 572 798 634 fretus
818 571 989 649 insomnio,
1011 591 1095 652 quae
1113 575 1185 637 visa
1204 574 1267 639 sibi

366 670 473 731 fuerat
487 669 658 733 draconem
674 668 762 744 eniti,
778 667 834 749 qui
848 669 1013 731 Scoticum
1026 671 1153 733 leonem
1170 672 1268 753 spiris

322 792 334 828 ⁵
367 768 548 830 involutum
562 767 700 848 pedibus
714 767 862 842 calcaret,
883 765 1161 848 archiepiscopum
1177 769 1266 832 Glas·

313 887 381 941 [lira]
406 866 544 942 conium,
575 886 615 927 ne
643 864 737 926 novis
762 863 796 925 iu
822 863 932 926 Scotia
955 867 958 937 l
981 866 1079 928 rebus
1105 865 1203 943 obsit,
1231 866 1265 928 in

369 964 474 1027 Gallia
494 967 651 1046 perpetuo
673 961 771 1042 legati
798 967 832 1024 et
859 963 994 1025 oratoris
1022 962 1102 1042 regii
1130 983 1264 1027 munere

367 1062 457 1142 fungi
483 1065 640 1142 oportere,
666 1060 700 1122 in
726 1059 870 1122 animum
891 1061 992 1123 sorori
1013 1060 1147 1124 inducit.
1194 1060 1265 1138 Qua

369 1158 486 1222 deinde
501 1158 642 1220 Henrico
652 1158 790 1221 Darlaao
804 1164 907 1240 nupta
921 1159 1158 1239 conspiratores
1172 1150 1206 1222 in
1219 1180 1265 1222 re·

311 1286 335 1321 lu
366 1258 461 1338 ginae
483 1257 666 1320 cubiculum
686 1257 824 1337 ingressi
838 1257 998 1320 Davidem
1012 1277 1032 1319 a
1046 1256 1181 1320 secretis
1195 1258 1266 1320 eius

366 1355 562 1418 confodiunt.
589 1355 665 1436 Ipsa
683 1374 757 1416 cum
771 1355 905 1434 coniuge
920 1359 1019 1417 noctu
1032 1376 1091 1436 per
1104 1357 1266 1436 posticum

367 1473 497 1532 egressa
511 1452 685 1534 aliquanto
697 1456 773 1534 post
787 1452 941 1514 Iacobum
955 1453 1009 1515 Vl.
1031 1456 1167 1535 peperit.
1200 1455 1265 1516 Mo·

363 1552 476 1614 ravius
498 1556 589 1614 curat
603 1550 778 1613 Darlaeum
793 1551 961 1614 subversis
976 1552 1109 1632 pulvere
1126 1555 1264 1615 tormen·

366 1650 448 1713 tario
463 1650 597 1712 aedibus
609 1647 804 1728 Edemburgi
819 1649 978 1726 suffocari,
994 1651 1139 1730 reginam
1152 1651 1265 1713 haberi

309 1773 334 1810 1⁵
367 1748 476 1811 caedis
507 1751 671 1810 auctorem
703 1754 736 1809 et
767 1745 809 1808 ad
838 1747 1019 1826 augendam
1050 1746 1201 1810 adulterii
1232 1753 1266 1809 et

365 1845 526 1928 parricidii
547 1845 765 1927 suspicionem
785 1844 972 1922 Bothuelio,
1000 1845 1055 1925 qui
1080 1845 1114 1907 in
1140 1845 1265 1908 lacinus

365 1945 501 2027 impium
528 1943 780 2026 conspiraverat,
806 1946 942 2019 nubere,
971 1963 1036 2005 non
1061 1943 1164 2005 multo
1191 1947 1266 2024 post

365 2041 668 2123 ignominiosissime
693 2061 792 2121 regno
813 2061 848 2103 se
871 2039 1034 2116 abdicare,
1060 2041 1128 2122 regi
1148 2041 1264 2104 infanti

365 2146 507 2204 rectores
522 2141 704 2221 designare3
725 2161 861 2221 quorum
876 2140 947 2221 ipse
961 2140 1086 2221 primus
1100 2144 1135 2202 et
1148 2160 1266 2221 prorex

309 2265 334 2303 ‘20
367 2241 582 2303 confirmatus
625 2239 734 2302 Iacchi
748 2239 802 2301 Vl.
822 2258 922 2318 regno
937 2237 1122 2317 inaugurati
1135 2240 1268 2301 nomine

366 2339 401 2401 in
422 2339 609 2415 doctrinam,
638 2339 721 2400 ritus
743 2342 776 2401 et
798 2339 896 2401 verba
916 2337 1049 2399 Ioannis
1071 2336 1196 2400 Calvini
1217 2356 1266 2399 co·

365 2437 519 2499 niuratur.
555 2437 601 2498 At
621 2436 732 2516 regina
752 2436 983 2499 catholicorum
1002 2435 1123 2498 auxilio
1137 2455 1265 2499 carcere

365 2536 510 2609 liberata,
537 2534 591 2597 ubi
618 2534 737 2613 egregii
758 2532 867 2597 fratris
888 2534 1020 2595 decreto
1041 2534 1189 2597 custodia
1209 2554 1265 2615 pu·

364 2632 448 2695 blica
469 2635 649 2709 tenebatur,
672 2632 817 2695 exercitu
838 2633 977 2696 conflato
998 2650 1071 2693 cum
1091 2632 1266 2695 rebellibus

308 2754 334 2795 aa
367 2730 518 2811 confligit.
547 2731 706 2806 Vincitur;
729 2731 849 2811 cogitat
862 2730 896 2792 in
910 2730 1076 2810 Angliam3
1098 2728 1270 2793 dissuadet

366 2830 574 2893 Hamiltonus
599 2829 640 2891 ad
662 2830 699 2890 D.
722 2830 873 2891 Andreae
895 2828 1158 2909 archiepiscopus
1178 2847 1268 2890 revo-

367 2930 448 2992 catis
471 2932 557 2991 retro
580 2927 740 3008 exemplis
759 2928 793 2989 in
815 2926 1018 2989 memoriam:
1044 2926 1266 2989 Alexandrum

366 3027 524 3091 Albaniae
547 3026 672 3103 ducem,
694 3024 902 3088 Macohnium
923 3026 978 3086 IV.
1002 3028 1036 3088 et
1057 3023 1265 3087 Guilielmum

368 3128 483 3188 fratres
515 3125 548 3189 in
573 3124 691 3202 Anglia
721 3124 884 3203 quondam
916 3123 1153 3204 mancipiorum
1177 3141 1267 3184 more

304 3247 330 3285 oo
368 3222 528 3301 detentos
550 3224 704 3285 Iacobum
725 3223 749 3283 I.
776 3242 878 3285 annos
899 3218 1124 3300 duodeviginti
1144 3219 1266 3283 ibidem

368 3322 541 3384 crudeliter
555 3320 720 3402 captivum
741 3320 851 3383 fuisse.
895 3319 1115 3381 Nihilominus
1129 3317 1267 3399 appulsa

368 3421 403 3483 in
423 3419 574 3499 Angliam
595 3419 706 3499 regina
727 3417 1013 3500 comprehenditur
1028 3421 1095 3480 eta
1114 3414 1266 3478 Knollide

368 3517 644 3600 praetorianorum
667 3518 839 3598 praefecto,
862 3515 1014 3578 deindea
1035 3514 1160 3578 Comite
1180 3513 1267 3576 Sars·

368 3618 475 3681 berico
510 3622 544 3678 et
578 3617 714 3677 Pauleto
748 3615 844 3677 Amia
878 3614 912 3677 in
947 3635 1019 3677 arce
1055 3612 1266 3692 Fodringaiae
