2792 4200
249 221 291 283 44
514 218 709 274 novunruvs,
725 217 881 261 srvrara
904 218 951 272 111,
966 219 1010 261 rr.

360 391 566 470 Spemerent,
588 390 615 452 si
636 389 711 470 quis
731 389 881 452 diadema
901 408 1016 470 campo

258 494 330 558 [rra]
466 487 633 550 Sterneret
654 492 773 551 auster.

360 584 472 662 Qualis
492 584 612 649 iniusta
633 585 809 648 dominaris
829 586 912 661 aula,

295 704 335 745 om
363 682 530 765 Principes
551 682 715 763 quondam
737 683 871 747 meliora
891 684 992 747 talem

360 782 436 844 Iura
456 780 609 844 viderunt
627 782 758 862 gemino
780 781 947 844 Stuartam

466 880 581 943 Dicere
602 900 713 959 regne.

540 1174 705 1238 lcrvs
734 1174 983 1253 QVARTVS.

353 1370 501 1433 Amias.
544 1371 721 1435 Stuarta.
763 1372 958 1434 Medicus.
1001 1370 1166 1433 Chorus.

690 1523 830 1587 Amias.

361 1629 497 1706 Quando
518 1630 624 1711 parari
644 1631 769 1693 monita
789 1634 824 1693 et
844 1635 1028 1694 extremum
1049 1631 1115 1693 tuis

294 1749 334 1789 cao
361 1728 478 1790 Dolore
499 1728 594 1792 factis
616 1733 649 1791 et
670 1729 766 1792 fateri
787 1730 921 1792 crimina

361 1826 416 1889 Nil
436 1831 525 1889 mota
546 1831 670 1908 mystas
691 1828 835 1890 abnuisti
855 1826 993 1906 deditos

363 1924 489 2004 Regina
509 1944 611 2005 ponas
631 1925 740 2004 regios
760 1926 868 1988 cultus
889 1926 982 1988 iubet

362 2022 545 2105 Velumque
566 2024 657 2087 laxes
679 2023 805 2087 decoris
825 2024 953 2105 insigne
974 2023 1076 2087 incliti

362 2123 497 2186 Deiecta
517 2121 685 2203 dignitatis
707 2145 725 2187 e
747 2124 886 2204 fastigio.

679 2266 847 2329 Stuarta.

295 2392 336 2434 aar
363 2372 584 2453 Quisquamne
606 2373 706 2435 sacris
726 2373 857 2453 regibus
878 2374 1015 2455 primam
1036 2373 1162 2434 auferat

362 2472 608 2548 Auctoritatem,
631 2471 739 2553 capita
759 2472 816 2551 qui
837 2492 964 2536 summa
984 2470 1127 2535 omnium

361 2569 459 2633 Privo
479 2572 632 2651 potentes
652 2571 732 2648 iure,
754 2570 842 2650 quod
862 2570 997 2651 reliquis
1018 2570 1102 2633 solet

360 2669 452 2732 Iuste
473 2669 593 2747 negari,
614 2669 686 2749 lege
709 2669 807 2748 regali
829 2670 1002 2732 obtinent?

361 2766 455 2845 Quod
475 2766 545 2830 iure
565 2767 659 2830 nobis
680 2766 800 2831 detulit
819 2787 935 2847 magno
956 2769 1046 2830 Deus

294 2886 334 2927 oro
353 2865 430 2928 Soli
450 2866 520 2929 Deo
540 2865 661 2928 referre
683 2885 757 2928 cum
777 2867 846 2928 vita
867 2869 982 2929 vetas?

263 2980 334 3034 [urb]
362 2966 415 3026 An
435 2967 545 3026 vestra
564 2964 716 3045 princeps
737 2968 836 3045 atque
857 2963 1028 3028 concilium
1049 2962 1186 3042 Angliae

360 3063 402 3125 Et
423 3062 554 3142 aliquod
574 3062 607 3124 in
628 3082 680 3124 me
702 3062 753 3125 ius
773 3062 896 3125 habent
916 3061 971 3124 alii
992 3062 1092 3124 duces

361 3161 404 3223 Et
424 3181 443 3223 a
464 3160 631 3224 catholicis
652 3160 794 3241 separati
814 3160 963 3223 iudices?

362 3259 483 3335 Nolim,
505 3258 621 3321 velint:
643 3258 756 3338 regina
777 3258 905 3322 decrevi
925 3258 1017 3333 mori,

297 3377 337 3418 orn
363 3356 489 3437 Regina
508 3357 642 3435 moriar3
665 3360 699 3419 et·
719 3356 831 3434 velint,
852 3357 969 3420 nolint:
992 3376 1047 3419 ero

362 3456 507 3538 Semper,
528 3476 589 3518 nec
609 3456 673 3518 aliu
693 3476 746 3519 me
767 3460 931 3537 potestate
952 3455 1137 3537 oppriment

362 3554 466 3632 Quam
479 3573 611 3617 nemore
625 3573 723 3617 caeco
737 3554 916 3636 principem
930 3574 1092 3634 quemque
1107 3552 1268 3634 optimum

362 3654 458 3716 Saevi
478 3653 631 3716 latrones,
674 3652 810 3714 Interim
831 3671 926 3733 spero
948 3653 1063 3729 Deum,
