2792 4200
421 205 619 264 novnumvs
636 210 793 256 suvanos.
814 214 862 257 111.
1111 225 1151 288 41

175 391 216 432 seo
244 373 366 436 indunt
387 375 465 438 mihi
486 379 713 461 quodcumque
733 387 853 448 sacrati
872 388 933 450 viri

242 469 393 534 Renuere
409 491 533 539 'nomen
553 479 698 542 muneris
718 501 784 544 non
805 488 857 547 est
877 488 951 550 mei.

241 567 315 631 Mea
337 582 386 633 est
406 574 539 638 statutis
560 596 636 640 cura
657 578 896 661 Christigenam
916 587 1061 668 obsequi,

515 691 775 759 Buccartius.

243 789 347 855 Nemo
368 796 503 875 ambigit
523 802 651 863 tentare
672 806 706 863 te
728 804 818 884 regni
839 810 970 884 statum,

241 889 380 954 Studere
402 893 525 957 dudum
546 900 643 961 rebus
665 902 792 965 occulte
813 904 907 968 novis

173 1003 214 1045 aaa
242 987 460 1054 Praetendere
482 999 516 1056 et
537 995 588 1057 ius
609 1001 813 1079 stemmaque
835 1005 869 1063 et
894 1004 1012 1068 falsum
1036 1028 1149 1087 genuS,

241 1084 339 1149 Cuius
361 1090 506 1168 profecto
527 1095 658 1158 nomine
678 1084 857 1177 Angiorum
879 1121 1018 1185 occupas

239 1183 371 1265 Insigne
392 1208 513 1268 regum.
557 1191 661 1268 Quem
682 1198 776 1256 tuum
796 1198 900 1259 nostri
920 1201 1078 1265 ambitum

239 1280 357 1346 Merito
378 1291 532 1350 caventes
552 1290 704 1369 precibus
724 1293 848 1357 instant
869 1301 903 1358 et
923 1304 1023 1377 metu,

239 1379 288 1441 Ne
310 1381 469 1448 differeris
489 1384 626 1466 longius,
648 1391 729 1469 quin
751 1390 860 1455 debita

173 1496 213 1538 cao
240 1478 326 1540 Hinc
346 1481 454 1544 anima
473 1483 551 1547 fatis
571 1485 605 1547 in
626 1487 716 1549 leves
737 1490 834 1552 abeat
853 1497 958 1572 notos,

239 1575 358 1640 Anima
378 1579 558 1661 imperandi
581 1585 697 1666 cupida
718 1606 777 1668 per
796 1588 847 1651 fas
868 1595 903 1652 et
922 1594 1024 1657 nefas,

238 1675 368 1740 Poenae
387 1684 589 1760 expetimtur
604 1703 695 1763 ergo,
717 1705 759 1746 ne
780 1687 959 1767 Auglornm
979 1711 1056 1756 ruas

239 1772 381 1838 Patriam
399 1782 432 1839 et
446 1783 592 1857 penates

552 1886 732 1952 Stuarta.

603 1995 736 2075 Egone?
747 1996 836 2074 Quos
849 2021 960 2080 regere
973 2009 1147 2086 expetam?

238 2087 380 2152 Patriam
401 2092 544 2186 petendo
564 2094 698 2175 perdam
720 2100 755 2158 et
774 2102 811 2159 ut
832 2099 890 2161 fiat
909 2120 983 2162 mea

172 2204 213 2246 aaa
240 2185 346 2250 Velim
367 2210 440 2252 esse
461 2191 607 2255 nullam?

511 2290 760 2356 Buccartius.

632 2381 752 2445 Nostra
769 2388 844 2463 post
863 2384 1027 2449 Christum
1048 2389 1147 2469 basis,

140 2489 212 2543 [urb]
241 2475 324 2553 Quia
345 2478 552 2559 competitrix
572 2479 688 2560 imperi
708 2480 855 2562 requiem
876 2502 1009 2548 amoves

237 2576 419 2640 Securitate
440 2578 632 2659 praepedita
651 2578 808 2659 gentium,

236 2677 349 2740 Monet
370 2680 482 2743 coacta
502 2678 629 2757 legibus
649 2679 769 2740 nostris
789 2681 880 2743 mori.

548 2787 729 2853 Stuarta.

237 2893 355 2956 Coacta
375 2895 482 2975 regnis
503 2894 606 2959 inhiat
627 2896 742 2961 alienis
763 2898 881 2961 simul?

502 3028 764 3094 Buccartius.

167 3153 208 3195 eoo
237 3134 280 3196 Et
301 3153 399 3203 causa
419 3134 532 3216 prima,
554 3156 611 3199 cur
631 3157 725 3218 mage
748 3138 782 3201 in
802 3139 886 3203 vivis
907 3140 1013 3202 adhuc

235 3230 295 3294 Vel
315 3251 420 3313 usque
442 3232 585 3296 clausam
606 3240 638 3297 te
660 3234 907 3316 relinquendam
927 3242 1042 3317 negat:

235 3329 332 3393 Ritus
353 3329 402 3393 tui
423 3336 458 3394 et
478 3331 606 3394 diversa
625 3332 738 3413 religio
759 3338 855 3396 nocet

234 3428 372 3494 Nostrae
393 3434 561 3511 superstes
583 3433 617 3493 et
637 3431 733 3493 statis
754 3433 877 3513 patriae
899 3435 1008 3497 sacris.

546 3548 728 3612 Stuarta.

235 3650 319 3729 Quid
341 3654 542 3717 criminaris?
563 3654 649 3716 Hinc
669 3675 767 3736 supra
788 3656 941 3719 meritum
963 3658 1088 3722 efferor.
