2792 4200
419 183 614 238 ROVLERIVS,
635 185 792 229 STVARTA.
812 185 856 227 lv.
1102 190 1145 253 45

237 355 346 438 Aequi
366 359 464 435 atque
486 355 587 436 iniqui
610 355 772 419 vindicem
794 361 828 418 et
847 377 959 438 regum
979 361 1116 440 patrem,

168 474 209 514 000
236 453 299 517 Vbi
318 454 423 535 perire
445 454 534 517 iussa
554 454 658 516 lucem
681 455 817 535 liquero,

21 619 22 628 χ
237 553 368 616 Nullam
389 553 540 615 daturum
560 552 685 634 patriae
706 553 851 634 ingratae
873 575 997 618 moram

234 651 288 713 Ad
309 650 475 714 ultionem.
517 650 645 714 Moriar.
688 651 751 714 Hic
771 672 837 714 non
858 658 909 717 est
928 674 1050 718 novum

236 749 390 812 Occidere
412 769 514 830 reges,
557 750 660 812 Maria
681 749 842 813 Canutum
863 772 991 833 sequar,

235 850 361 929 Sequar
381 847 587 912 Richardum.

565 957 704 1020 Amias.

635 1047 777 1128 Imperia
798 1050 927 1128 reginae
948 1050 1042 1113 feras

414 1194 417 1199 ·
544 1181 728 1242 Stuarta.

167 1303 208 1344 005
236 1283 301 1346 Sed
322 1286 397 1366 plus
418 1286 496 1368 quid
517 1288 551 1349 in
573 1308 624 1350 me
646 1287 751 1368 possit
771 1288 906 1369 imperio
928 1292 986 1352 tua

236 1381 341 1459 Quam
362 1405 496 1448 nemora
510 1386 630 1449 circum
650 1385 836 1450 hominibus
856 1387 1013 1451 insidians
1026 1389 1142 1454 latro?

237 1481 325 1560 Quos
346 1504 387 1546 ne
409 1485 558 1562 trucidet,
580 1485 626 1547 nil
647 1485 711 1547 nisi
731 1484 821 1565 leges
840 1491 956 1549 vetant

235 1582 465 1646 Humanitatis.

564 1675 709 1738 Amias

522 1782 606 1859 Quid
627 1783 710 1846 seris
730 1783 827 1845 fando
848 1788 978 1846 moras?

238 1878 396 1941 Velamen
417 1879 506 1942 istud
527 1882 651 1960 regium
673 1882 791 1943 abicite
813 1883 911 1958 ocius,

170 1995 210 2036 000
238 1977 373 2039 Famuli.
417 1978 502 2056 Quid
523 1979 609 2042 ultra
628 2000 724 2060 porro
745 1980 906 2044 cessatis?
948 1981 1019 2044 Cito

238 2075 359 2156 Regale
382 2076 540 2159 quidquid
561 2082 695 2160 superat
716 2077 836 2141 auferri
856 2078 960 2143 decet.

542 2204 728 2267 Medicus.

235 2309 367 2371 Maioris
388 2310 482 2373 aulae
503 2331 601 2390 quam
622 2312 761 2393 probant
782 2311 911 2390 dignam
931 2311 1025 2374 bonis

237 2408 280 2469 Et
299 2409 405 2488 patria
427 2413 461 2471 et
482 2410 568 2471 orbis
590 2414 624 2471 et
644 2411 735 2472 Deus
756 2409 877 2490 spolias
898 2408 988 2472 suis?

21 2568 22 2589 2
234 2505 296 2569 Vis
316 2510 353 2568 ut
374 2507 508 2570 verendi
528 2508 643 2589 capitis
665 2523 814 2570 ornatum
836 2508 1044 2571 abstraham?

21 2598 22 2687 l
168 2625 208 2666 000
237 2604 307 2683 Qua
327 2606 433 2668 fronte
456 2626 560 2687 quave
582 2607 719 2669 dextera
738 2610 868 2669 tantum
888 2608 1054 2671 audeam?

239 2704 331 2766 Prius
351 2705 468 2768 Arctos
490 2706 593 2768 altum
614 2706 744 2769 deseret
764 2706 860 2788 lapsu
880 2705 1002 2786 polum,

149 2818 208 2870 em]
238 2802 415 2883 Potiusque
436 2805 541 2884 patiar
561 2809 692 2885 praesto
714 2824 788 2866 cum
808 2804 904 2867 sociis
925 2823 1048 2881 necem,

236 2901 279 2962 Et
299 2908 375 2963 ante
397 2901 485 2964 mitis
507 2922 579 2965 esse
602 2903 717 2979 disces
738 2904 844 2965 Amia.

561 3027 711 3090 Amias.

236 3134 310 3197 Huc
331 3135 403 3212 huc,
426 3134 566 3198 satelles
609 3137 670 3213 lte,
691 3135 800 3197 laxate
822 3134 906 3196 hanc
927 3133 1016 3195 tholo

155 3253 208 3293 1000
237 3233 369 3313 Regalis
390 3234 456 3295 alto
478 3236 646 3297 carbasum
668 3234 793 3297 decoris
813 3237 937 3295 notam:

237 3332 416 3412 Supremos
436 3331 538 3395 instat
557 3351 698 3412 namque
720 3331 867 3412 captivae
889 3331 967 3394 dies

238 3429 342 3506 Quem
363 3431 441 3493 dum
462 3450 640 3508 manemus,
662 3429 799 3493 carceris
820 3433 939 3503 custos,
960 3430 1036 3509 vigil

237 3527 375 3591 Intende
397 3548 507 3592 curam
527 3529 648 3611 pariter
669 3533 704 3592 et
723 3548 852 3591 mecum
872 3528 946 3590 vide

237 3629 426 3709 Augustius,
448 3648 512 3708 quo
533 3629 637 3709 possit
657 3627 756 3691 artari
776 3647 840 3691 rea.
