2792 4200
255 157 297 222 38
561 155 755 210 aovna'alvs,
771 157 926 200 STVARTA.
947 158 994 201 111.

296 345 336 387 uo
363 323 405 388 Et
425 324 494 388 sole
515 324 637 388 crimen
658 326 775 392 clauus
797 328 904 392 medio
925 335 1043 410 patens

362 423 405 486 Et
425 426 587 504 quotquot
606 442 761 506 accepere
782 425 894 488 frutim
914 429 1030 491 nuntia

362 520 489 601 Tuique
511 539 671 584 summam
694 522 824 585 audisse
844 523 956 587 iudicii
975 531 1071 606 potes

362 619 631 700 Sententiamque
651 619 806 700 principis
826 640 952 684 necnon
972 627 1116 703 patrum:

362 717 467 794 Quam
488 737 546 800 per
567 717 740 780 Britannos
760 717 921 797 imperant
942 719 995 781 edi
1015 721 1123 800 palam

293 834 335 876 rae
363 815 515 896 Populos,
536 819 574 877 ut
593 833 713 878 omnes.
727 814 850 877 leniant
872 816 912 878 de
933 820 967 879 te
987 822 1120 896 metum,

362 914 467 991 Quam
487 912 704 994 pertimebant
725 916 759 975 et
778 910 842 976 sibi
864 919 899 977 et
918 915 1011 980 nobis
1031 935 1170 996 greum.

401 1011 495 1075 Nunc
515 1014 560 1088 ut,
580 1008 772 1091 priusquam
791 1018 896 1076 morte
918 1015 1062 1078 dimittas
1082 1014 1181 1091 diem,

363 1110 498 1173 Fateare
519 1127 632 1186 noxas,
654 1109 792 1192 aequius
814 1132 953 1194 poenam
973 1114 1068 1191 feras,

361 1208 480 1289 Speres
501 1205 641 1270 amicum
662 1229 793 1288 numen,
816 1210 964 1292 indulget
985 1212 1066 1275 duos

294 1328 333 1368 ac
361 1306 485 1387 Regina
504 1309 639 1386 mystas,
662 1309 719 1388 qui
740 1308 800 1370 tibi
820 1310 978 1372 auxilium
999 1311 1156 1374 adferant.
1213 1341 1220 1355 ·

670 1425 854 1489 Stuarta.

363 1530 453 1609 Quae
474 1550 587 1595 norma
608 1532 705 1609 vitae,
727 1551 852 1611 quaeve
873 1532 986 1613 religio
1007 1535 1107 1597 viris?

636 1648 894 1711 Buccartius

364 1753 483 1817 Nostra
504 1775 546 1817 ex
566 1755 710 1837 priorum
730 1755 820 1817 faece
841 1760 919 1817 nata
938 1755 1055 1836 purior.

672 1862 852 1926 Stuarta.

360 1969 482 2050 Siqua
503 1969 683 2033 Tonantem
705 1969 837 2048 scelere,
859 1970 947 2051 quod
968 1971 1090 2033 facturn
1110 1972 1216 2053 pudet

360 2067 528 2149 Pigetque,
549 2069 631 2133 laesi
652 2068 721 2133 sive
742 2087 949 2131 communem
964 2069 1055 2132 vmalo

294 2186 334 2227 aaa
362 2166 512 2229 Fortasse
535 2167 655 2231 Christi
676 2167 762 2248 regis
784 2167 904 2229 offendi
924 2188 1064 2249 gregem,

360 2263 444 2327 Novi
465 2266 547 2329 satis
568 2284 740 2346 superque.
782 2265 837 2328 Nil
857 2266 930 2330 istis
951 2271 1025 2348 eget

361 2360 428 2425 Res
449 2365 530 2426 haec
551 2364 717 2442 ministris
738 2364 818 2428 hora
837 2385 898 2427 nec
918 2385 1074 2446 praesens
1095 2368 1207 2428 monet

265 2476 336 2529 [ru]
365 2458 487 2523 Audire
509 2461 601 2524 tales

636 2569 895 2632 Buccartius.

648 2675 760 2738 Colere
782 2675 908 2737 divinos
930 2694 1030 2756 negas

363 2772 610 2852 Evangelistas?

676 2878 856 2943 Stuarta.

642 2988 736 3050 Itane
759 2986 886 3051 divinos
906 3009 1004 3053 vocas

293 3105 335 3147 eoo
362 3084 529 3148 Scelerum
549 3084 739 3149 ministros?
760 3086 880 3165 Agnito
900 3106 978 3150 vero
999 3091 1109 3149 tamen

361 3182 483 3246 Hostes
502 3183 671 3261 nefandos
691 3184 791 3265 patrii
812 3184 949 3248 exitium
969 3184 1039 3248 soli.

361 3280 463 3344 Ome
484 3281 622 3360 beatam,
644 3282 673 3345 si
694 3282 896 3346 sacerdotem
916 3283 981 3344 mei

365 3379 515 3461 Aliquem
535 3379 678 3444 instituti
699 3381 832 3445 dabitis!
855 3380 1022 3461 Accipiam
1042 3380 1149 3444 libens

362 3477 403 3541 Et
422 3496 482 3560 per
502 3478 647 3561 parentis
668 3479 771 3542 filium
791 3478 909 3542 summi
930 3497 1017 3558 rogo,

294 3596 336 3637 coa
363 3576 407 3638 Vt
428 3595 519 3640 sacra
539 3575 681 3639 moriens
702 3575 840 3659 mystica
860 3579 1043 3640 extremum
1066 3576 1222 3641 hauriam
