2792 4200
223 195 266 256 3ss
302 203 305 210 ·
520 181 715 234 auriumve,
727 181 883 226 srvnnra.
899 181 946 224 111.

332 360 446 424 Isthuo
466 356 596 420 tabellis
616 355 692 417 inde
713 355 875 436 suggestis
895 359 996 418 reus·

265 481 305 522 no
332 458 401 522 Neo
422 476 496 520 eum
517 454 661 517 movebit
681 452 777 516 exsili
797 453 969 531 sententia,

333 557 402 620 Nec
422 554 452 617 si
472 552 551 634 quid
572 552 660 615 aliud
681 552 768 614 ultra
788 551 928 631 fingetur
948 553 1066 633 palam.

648 704 819 766 Drurius.

334 815 407 878 Non
428 814 484 878 illa
505 812 581 874 forti
603 812 712 874 forsan
733 810 854 874 officiet
874 811 967 874 viro‘l

662 944 804 1007 Amias,

331 1058 435 1119 Immo
456 1052 581 1116 iuvabit
602 1072 701 1132 quam
720 1049 812 1132 prius
833 1053 1073 1132 multomagis:

332 1156 404 1219 Hoc
424 1172 520 1216 omne
541 1151 679 1233 posthac
701 1150 867 1212 schemate
889 1151 1057 1232 inceptum
1078 1155 1179 1233 teget

383 1375 565 1440 Drurius.
607 1374 785 1436 Bealius.
828 1374 1077 1437 Buooartius.

648 1527 818 1590 Drurius
931 1601 934 1607 ¹

264 1688 304 1728 ns
331 1663 463 1745 Atqui,
485 1663 586 1739 Beali,
608 1660 725 1723 frueris
745 1661 874 1740 ingenio
896 1661 987 1725 ducis

331 1762 483 1843 Propiore
505 1780 634 1840 semper
655 1759 772 1839 cuique
794 1764 966 1823 nascentes
986 1761 1064 1824 lieet

331 1862 494 1941 cognosse
516 1877 609 1920 eruas
630 1861 729 1938 atque
750 1877 867 1920 sensus
888 1859 1016 1922 abditos

329 1957 496 2034 Dominae,
519 1956 597 2038 quid
611 1956 741 2019 adfers?
776 1956 846 2034 Quo
867 1957 1102 2038 Fodringaeam
1117 1957 1236 2021 venis?

645 2108 817 2173 Beahus

330 2220 405 2281 Dux
425 2216 590 2297 religionis
612 2220 646 2279 et
666 2218 875 2296 gubernatrix
896 2238 1008 2296 novae,

263 2339 301 2378 uo
330 2317 435 2394 Quam
455 2317 542 2378 laeta
563 2315 666 2377 solam
686 2334 768 2394 gens
789 2314 1016 2379 Britannorum
1037 2317 1150 2379 tremit
1373 2309 1375 2388 l

330 2415 373 2478 Et
394 2413 552 2495 quidquid
573 2413 677 2475 ambit
696 2413 796 2475 fertili
818 2412 968 2477 Oceanus
989 2416 1067 2492 salo,

330 2511 614 2575 Schemsberieum
635 2515 749 2591 petere
771 2531 843 2573 oum
864 2511 998 2592 reliquis
1018 2513 1119 2577 iubet.

641 2646 816 2710 Drurius

328 2755 376 2817 At
396 2752 475 2835 quid
496 2772 594 2834 super
614 2756 759 2816 statuere
781 2753 822 2817 de
844 2758 938 2837 capta
959 2761 1077 2838 parat?

647 2886 817 2950 Bealius.

330 2995 471 3057 Abolere
492 3014 627 3076 propere
649 2995 826 3075 pessimam
847 2996 931 3059 ferro
951 2997 1048 3059 luem.

608 3130 855 3195 Buccartius

262 3258 301 3299 na
329 3235 533 3299 Sententiam
554 3241 688 3300 senatus
709 3238 743 3299 in
763 3237 900 3301 Mariam
921 3237 1006 3316 tulit,

326 3334 442 3397 Latum
462 3335 612 3415 probavit
632 3335 761 3416 Angliei
781 3338 930 3399 columen
951 3336 1068 3414 throni,

234 3450 303 3501 [ura]
332 3432 374 3494 Et
393 3434 573 3513 approbata
592 3434 731 3515 publicis
751 3434 854 3498 valvis
874 3434 968 3498 stetit

327 3531 370 3595 Et
389 3532 476 3593 lecta
495 3532 625 3612 populis
645 3552 725 3596 voce
746 3533 882 3596 concitis
903 3535 1001 3597 tubae

326 3629 368 3692 Et
388 3628 569 3692 nuntianda
590 3633 642 3692 est
662 3630 777 3693 mortis
797 3631 935 3694 interius
954 3651 1039 3695 reae.
