2792 4200
440 204 634 261 novnuarvs²
650 205 807 250 saviam.
835 207 856 248 1.

366 461 367 464 Ἴ
543 376 752 439 Elizabeta.

160 483 223 537 1⁰12]
252 483 316 546 Fas
337 486 387 545 est
406 483 440 546 in
461 483 525 561 illa,
547 483 705 564 quidquid
727 489 778 547 est
798 483 876 546 alibi
895 486 953 546 nel
990 533 997 547 .

249 579 334 659 Quid
354 581 441 642 enim
461 581 593 661 reliquit
614 580 747 643 crimine
768 581 927 644 intactum
947 588 1005 644 aut
1024 584 1080 645 ubi

182 699 222 740 aco
250 679 370 742 Sceleri
390 678 560 759 pepercit?
582 678 759 758 Coniugem
779 683 883 742 morte
904 679 1039 743 abstulit

248 778 463 859 Regnumque
484 779 571 840 forto
598 782 631 840 et
652 778 818 859 specimen
839 779 1008 858 antiquum
1030 777 1146 859 imperi

249 877 391 958 Vsurpat
412 880 511 957 atque
533 876 645 939 fraude
667 877 844 957 corrumpit
865 896 964 940 meos,

250 975 291 1036 Et
310 975 416 1055 patiar
438 963 511 1037 esse
531 995 590 1054 per
610 994 720 1036 meum
741 975 895 1037 damnum
915 974 1011 1051 viam,

249 1071 321 1149 Quo
342 1072 470 1135 Scotica
491 1072 582 1134 labes
603 1072 698 1134 avida
720 1092 890 1152 regnorum
911 1075 1009 1135 ruat?

538 1215 768 1278 Dudelaeus.

183 1338 223 1378 205
250 1321 333 1401 Ergo
353 1325 546 1385 monarchae
567 1323 654 1385 nilne
676 1322 843 1384 Gallorum
864 1321 964 1399 dabis,

250 1420 392 1499 Legatus
412 1421 499 1483 unde
520 1422 580 1498 bis,
602 1426 652 1484 ter
673 1425 826 1501 acceptus
847 1419 933 1483 fuit?

252 1518 384 1580 Glorem
405 1518 490 1581 sinet
510 1519 638 1600 perire?

542 1649 753 1716 Elizabeta.

677 1761 764 1823 Num
785 1761 903 1841 cupiat,
924 1761 1009 1836 ride,

254 1859 293 1922 Et
314 1860 497 1922 Belliverus
518 1861 601 1923 forte
623 1859 767 1922 colludat
786 1859 892 1922 simul.

252 1957 314 2035 Qui
334 1978 434 2038 regna
454 1979 531 2021 vero
552 1963 672 2035 nostra,
695 1959 751 2040 qui
771 1959 872 2019 vitam
894 1957 953 2018 viri

184 2079 223 2117 210
252 2055 373 2119 Maiore
395 2076 664 2138 communemque
685 2058 860 2137 procurant
880 2054 977 2117 fidem

207 2156 209 2161 ’
253 2154 367 2217 Studio
389 2158 424 2217 et
443 2155 592 2233 salutem,
614 2174 696 2235 quos
717 2174 809 2217 sacra
828 2154 936 2234 specie
957 2174 1034 2231 rego

253 2251 382 2314 Patriae
402 2272 521 2333 parens
542 2257 576 2315 et
595 2253 724 2333 generis
744 2252 877 2314 humani
898 2252 1018 2315 arbitra

252 2349 295 2412 Et
314 2349 404 2430 pacis
425 2354 550 2413 auctor:
572 2355 609 2413 ut
628 2352 721 2414 brevi
740 2354 922 2413 monstrum
943 2351 1087 2413 auferam

251 2447 350 2511 Peius
370 2450 519 2511 tumente
540 2448 637 2512 Nerei
656 2451 767 2528 fluctu,
794 2452 917 2529 rogant.

185 2567 224 2606 215
253 2547 295 2608 Et
313 2546 396 2609 haec
417 2547 547 2611 colonos
569 2551 655 2612 terra
675 2547 881 2611 commendat
902 2567 991 2624 suoS,

252 2650 294 2713 Et
314 2650 494 2732 palpitante
516 2649 612 2712 corde
633 2647 747 2728 flagitii
767 2653 856 2711 metu

252 2747 393 2828 Aliquod
414 2751 548 2811 senatus
568 2746 726 2828 prospicit
746 2746 850 2809 sancti
871 2746 977 2823 timor,

253 2845 347 2922 Quod
367 2865 462 2927 quam
484 2846 591 2907 minae
612 2846 678 2907 iam
698 2844 831 2926 propius
849 2843 983 2906 accedat
1002 2843 1134 2922 malum,

253 2942 414 3020 Quamdiu
435 2944 576 3021 Stuarta‚
598 2944 715 3005 mulier
734 2942 858 3008 infandi
878 2942 988 3021 ingeni

184 3054 224 3094 ²20
252 3042 426 3123 Capaxque
447 3042 615 3119 scelerum,
636 3040 768 3103 noxiam
785 3040 887 3102 vitam
907 3038 1008 3102 trahit

251 3140 293 3203 Et
313 3140 419 3203 hostis
438 3140 606 3202 hominum
629 3143 663 3201 et
683 3138 836 3201 caelitum
857 3138 964 3199 lucem
984 3136 1075 3199 videt

252 3238 399 3320 Odioque
420 3238 523 3301 nostri
543 3239 658 3317 flagrat
679 3242 714 3298 et
734 3236 849 3316 recipit
868 3235 963 3298 molis

251 3336 354 3413 Vires,
375 3339 413 3398 ut
433 3336 520 3399 ausit
540 3334 628 3397 orbis
647 3334 784 3415 imperio
805 3332 887 3395 sacri

157 3440 224 3493 [0112]
254 3433 386 3497 Dudum
406 3434 584 3510 imminere,
606 3431 774 3495 fraudibus
792 3430 938 3511 geminet
957 3430 1065 3493 scelus
1170 3449 1172 3454 ·

251 3532 461 3613 Longamque
482 3531 601 3595 seriem
621 3530 808 3608 facinorum,
830 3529 957 3605 caedes,
979 3527 1080 3605 dolos,

185 3650 225 3690 22⁵
252 3628 424 3712 Regnandi
444 3649 597 3707 amorem,
617 3628 785 3709 sanguinis
804 3628 908 3690 diram
929 3626 1026 3690 sitim.

198 3736 253 3780 Lat.
268 3736 507 3781 Litteraturdenlrm.
523 3740 556 3779 17.
1035 3730 1052 3780 2
