2792 4200
217 177 257 240 16
523 179 721 236 ROVLERIVS,
741 183 890 227 STVARTA
905 188 927 230 Ι.

325 355 422 419 Iuvat
443 356 609 418 ministros
631 356 764 419 sceleris
784 356 818 417 in
840 358 973 419 caedem
994 380 1110 425 meam.

260 466 299 505 ¹⁷⁵
326 454 521 516 Absentium
543 475 616 517 cum
637 460 769 518 maneat
790 456 889 517 etiam
910 457 1025 536 ingens
1045 461 1136 524 favor

324 552 362 616 Iu
384 553 464 615 urbe
485 558 606 630 nostra,
628 554 684 634 qui
706 555 796 615 fovet
816 574 892 634 spes
914 556 1072 635 exsulum,
1348 536 1350 629 l

324 651 437 713 Invisa
458 653 599 714 coniunx
619 656 742 732 pereat.
783 651 963 713 Havartum
984 654 1047 716 sibi
1081 647 1086 651 ’

325 747 442 812 Carum
463 754 626 831 sequatur.
670 747 835 828 Quidquid
860 751 1025 812 excelsum
1051 758 1111 826 est,
1139 757 1237 821 cadat
1351 756 1352 769 ¹

324 847 366 909 Et
387 853 562 930 antequam
583 867 619 910 se
641 847 747 908 firmet
768 850 802 908 et
822 846 907 908 vires
928 853 1043 911 novet.-

259 957 299 997 180
327 947 463 1010 Petatur
483 948 563 1027 ipsa,
584 965 625 1006 ne
647 943 871 1024 quiescentem
891 948 992 1025 petat,

326 1045 369 1108 Et
389 1051 511 1126 pereat,
533 1049 655 1106 utnon
676 1041 801 1122 perdat.
843 1043 883 1104 In
903 1044 1010 1106 medio
1032 1045 1127 1109 datur

326 1144 394 1206 Res
413 1142 591 1223 occupanti.

614 1266 846 1330 Dudelaeus.

616 1376 718 1438 Fama
737 1376 931 1456 populorum
953 1377 1053 1440 duces

326 1474 528 1555 Quandoque
548 1477 658 1538 terret.

612 1607 838 1669 Elizabeta.

702 1715 880 1776 Maximum
905 1715 998 1778 nobis
1020 1718 1139 1779 bonum
1161 1722 1222 1797 est,

326 1815 421 1893 Quod
442 1816 528 1878 facta
550 1814 699 1877 dominae
719 1814 861 1894 populus
882 1816 1027 1876 assuevit
1046 1835 1140 1878 meus
1365 1838 1368 1919 q

259 1928 298 1968 185
327 1914 427 1990 Quam
450 1915 533 1976 ferre
554 1916 623 1975 tam
643 1911 786 1974 laudare.
829 1910 915 1987 Quin
935 1911 1070 1975 meritae
1090 1914 1181 1976 necis
1367 1927 1369 1961 ¹

326 2011 502 2091 Mergenda
522 2011 630 2074 fuerat
649 2010 705 2071 illa
726 2009 812 2072 iusto
834 2010 957 2087 funere,

326 2110 361 2174 Si
382 2110 557 2174 Christiani
578 2114 654 2172 vota
674 2109 851 2190 placuisset
871 2109 977 2189 gregis

326 2209 458 2286 Audire,
480 2229 578 2289 quem
598 2228 663 2269 non
684 2207 936 2287 Anglicanorum
956 2207 1061 2286 modo,

327 2308 393 2370 Sed
415 2313 448 2369 et
468 2308 558 2370 fovet
578 2309 714 2386 regnata
734 2305 903 2367 Gallorum
924 2307 1020 2387 plaga

260 2420 299 2458 190
329 2405 586 2486 Germaniaeque
609 2410 643 2467 et
664 2403 842 2467 Flandriae.
885 2404 1000 2468 Nescis
1021 2406 1107 2467 enim

328 2503 529 2565 Britanniam
550 2502 682 2565 venisse
705 2502 891 2578 Cavanium‚
912 2521 1026 2582 preces

328 2602 390 2677 oui
410 2601 635 2682 postulantum
656 2600 795 2681 supplici
817 2619 955 2680 poenam
975 2600 1082 2662 ultimi

328 2701 468 2762 Offerret
488 2698 589 2787 olim?

602 2831 852 2894 Dudelaeus.

608 2938 697 3001 Nihil
718 2939 752 3001 in
773 2943 927 3019 agnatum
947 2960 1051 3019 genus

328 3040 370 3102 Et
390 3040 425 3101 in
445 3039 644 3120 propinquos
664 3044 789 3101 temere
811 3036 965 3100 constitui
985 3038 1088 3101 decet.

622 3172 834 3235 Elizabeta.

263 3299 301 3337 ne
329 3272 465 3335 Parcam
485 3271 696 3353 propinquae,
719 3273 753 3333 et
773 3269 845 3351 ipsa
864 3291 928 3332 non
949 3270 1054 3351 parsit
1073 3269 1164 3332 viro?

329 3369 473 3433 Patriam
493 3369 683 3451 propinquis
703 3388 812 3431 nonne
832 3368 989 3450 praeferri
1014 3368 1131 3432 decet?

614 3503 844 3565 Dudelaeus.

330 3601 430 3665 Nefas
451 3601 546 3665 malis
566 3621 683 3665 nocere
706 3601 861 3681 cognatis
882 3607 969 3683 puta
