2792 4200
221 235 263 297 62
520 227 717 283 ROVLERIVS,
732 227 888 271 STVARTA.
905 227 935 270 V.

329 403 402 465 Non
423 403 546 483 patitur
567 405 601 463 et
620 403 693 465 vult
716 421 789 465 esse
810 405 1003 482 perpetuam
1024 400 1094 463 sibi.

258 508 260 514 '
329 501 422 581 Erga,
445 500 582 580 puellae,
605 505 736 581 tempus
757 497 882 562 abeatis
902 504 1023 562 monet.

330 599 454 676 Valete,
475 599 568 661 nobis
589 598 736 662 osculum
758 617 919 660 summum
941 597 1026 660 date.

548 733 694 795 Puella
715 731 908 795 secunda.

249 862 302 902 nes
331 841 402 919 Quo
421 861 482 905 nos
503 841 598 918 solas,
621 839 705 916 diva,
727 839 888 903 remittis?

328 941 449 1003 Tecum
469 945 582 1002 votum
604 944 655 1002 est
677 958 780 1019 usque
802 938 926 1001 morari.

575 1091 722 1153 Puella
742 1091 880 1171 prima.

328 1199 449 1261 Tecum
470 1202 582 1260 votum
604 1202 664 1276 est,
686 1197 806 1278 regina,
828 1198 918 1259 niori.

328 1296 356 1358 0
377 1297 481 1359 tristis
501 1296 623 1359 abitus!
644 1298 739 1358 ltane
760 1296 925 1359 discedam
946 1316 1063 1376 neque,

327 1395 461 1474 Regina,
484 1399 591 1457 tecum
613 1395 753 1457 moriar?
773 1395 954 1456 Aeternum
975 1394 1024 1456 tui

246 1514 299 1554 uro
326 1493 482 1556 Privabor
503 1493 567 1556 oris
588 1493 733 1556 lumine?
754 1492 781 1554 0
803 1496 902 1555 terra!
925 1492 951 1554 O
972 1493 1080 1572 polus!

327 1591 353 1653 O
376 1591 450 1654 alba
469 1591 565 1670 longe
586 1611 666 1654 saxa
687 1596 722 1653 et
742 1592 896 1672 antiquae
917 1589 1076 1652 Orcades!

326 1689 354 1751 0
375 1689 494 1769 Anglia
515 1694 613 1772 atque
634 1689 755 1767 Samia,
776 1690 919 1770 periistis
940 1688 1051 1751 hodiel

325 1789 490 1852 Gonoussa
510 1789 642 1868 planctu
663 1793 796 1868 pectora
815 1788 900 1849 illiso
921 1791 1047 1849 sonent.

643 1923 811 1984 Stuarta.

324 2028 474 2092 Pollicita
494 2029 626 2091 tacitam
650 2030 789 2107 contine,
812 2029 910 2109 virg0,
932 2048 1047 2090 sonum

244 2152 296 2191 uu
323 2129 428 2194 Nimis
448 2129 656 2206 insolentem;
679 2131 759 2210 quin
778 2134 949 2210 precatura
969 2126 1124 2190 arbitrum

323 2230 386 2291 Pro
407 2250 460 2291 me
481 2229 663 2291 Tonantem
684 2249 757 2290 cum
779 2229 856 2291 viris
877 2228 1050 2290 clientibus

231 2345 297 2397 [orb]
325 2329 459 2391 Testare
479 2328 596 2390 fortem
618 2332 653 2389 et
674 2328 773 2389 caede
794 2326 945 2407 supplicii
964 2326 1045 2388 loco.

363 2426 457 2503 Quid,
478 2426 580 2502 lictor,
603 2426 754 2487 obvelare
776 2424 945 2487 contendis
966 2428 1064 2504 caput

322 2524 364 2586 Et
385 2543 446 2601 me,
468 2523 656 2604 priusquam
677 2522 805 2600 morior,
827 2522 984 2602 attingis?
1005 2522 1110 2584 Mane.

243 2644 295 2682 uso
323 2622 460 2697 Hoetu,
483 2621 600 2701 puella,
622 2621 757 2701 fungere
778 2620 884 2682 officio
905 2623 1003 2699 atque
1025 2618 1093 2680 abi!

348 2791 483 2854 Puella
503 2793 627 2872 prima
648 2797 686 2855 et
708 2791 879 2855 secunda
901 2809 1091 2870 egressae.

566 2944 713 3007 Puella
734 2942 873 3024 prima.

360 3051 467 3114 Onos
488 3051 652 3128 remissae,
675 3071 735 3113 nos
755 3050 799 3112 ibi
820 3049 966 3129 ignavae,
988 3051 1093 3112 sorori

321 3150 410 3227 Quae
431 3150 599 3230 patimur?
620 3149 662 3211 ut
682 3169 748 3211 non
769 3148 916 3211 sentiunt
937 3150 1117 3210 Amazonas

319 3246 386 3310 Nos
408 3253 440 3309 et
462 3246 637 3310 Camillus?
657 3248 703 3309 At
724 3246 802 3327 quid
823 3246 981 3325 imbelles,
1003 3246 1081 3327 quid
1102 3247 1168 3308 heu

319 3345 414 3410 Solae
435 3349 486 3407 tot
505 3346 579 3408 illos
600 3348 735 3409 contra?
756 3345 956 3409 Moreremur
975 3344 1082 3409 simul.

240 3466 294 3507 roa
320 3444 389 3507 Neo
408 3444 443 3507 id
462 3444 582 3507 licebat
601 3464 663 3508 nee
683 3444 819 3508 iuvaret.
861 3444 989 3507 Occidit

317 3543 535 3606 Nihilominus
555 3545 614 3606 lux
634 3549 758 3625 quanta
777 3545 1012 3607 christicoluml
1034 3542 1123 3605 Perit

317 3641 427 3705 Nostri
448 3661 514 3704 una
534 3662 634 3705 sexus
654 3644 756 3723 gloria
777 3646 811 3704 et
832 3642 945 3706 mundi
965 3642 1070 3705 decor.
